3094 4860
314 376 484 437 usco-so
701 408 786 416 -
829 373 871 436 52
914 406 999 418 ..-

265 564 304 624 36
314 567 510 628 Testamento
534 569 639 624 eutem
662 565 797 643 scriptus
820 563 913 624 heres
935 569 1007 624 ante
1022 561 1139 624 aditam
1155 561 1285 643 quidem
1300 563 1394 624 here-

315 651 443 713 ditatem
471 653 502 712 in
529 652 598 710 iure
628 648 770 710 cedendo
799 667 868 710 eam
895 649 947 710 alii
975 649 1052 710 nihil
1077 651 1153 730 agit,
1182 657 1291 730 postea
1313 669 1392 711 uero

316 757 411 818 quom
434 737 546 798 adierit
569 737 594 796 si
617 735 716 814 cedat,
741 754 778 796 ea
801 735 955 814 accidunt,
984 753 1066 816 quoe
1088 736 1230 816 proxime
1253 735 1392 797 diximus

316 824 356 885 de
384 842 420 884 eo
448 822 490 884 ad
513 841 608 903 quem
630 821 670 883 ab
694 823 838 882 intestato
859 821 997 902 legitimo
1019 824 1088 883 inre
1109 823 1246 901 pertinet
1266 821 1394 884 beredi-

265 909 305 974 37
315 917 373 988 tas,
397 911 516 988 sipost
539 908 759 988 obligationem
783 904 846 991 (in)
869 910 938 972 iure
962 907 1062 970 cedat.
1107 907 1195 970 Idem
1219 915 1249 968 et
1272 906 1313 969 de
1335 918 1418 970 ιιι-ι

316 996 459 1056 cessariis
492 992 665 1056 heredibus
699 993 844 1056 diuersae
877 993 1002 1055 scholae
1029 1001 1172 1058 auctores
1202 995 1391 1075 existimant,

316 1080 402 1161 quod
424 1080 509 1141 nihil
523 1080 652 1141 uidetur
666 1082 829 1158 interesse,
852 1088 959 1141 utrum
976 1076 1119 1163 (albeis)
1136 1079 1284 1141 adeundo
1299 1080 1393 1142 here-

316 1167 442 1230 ditatem
464 1167 518 1230 fiat
539 1167 642 1244 heres,
666 1184 706 1226 an
728 1167 846 1228 inuitus
869 1167 1001 1243 existot;
1031 1167 1118 1247 qnod
1141 1165 1236 1246 quale
1259 1167 1308 1245 sit,
1333 1185 1391 1227 suo

313 1253 380 1314 loco
403 1252 575 1332 apparebit.
621 1251 679 1314 sed
701 1253 799 1314 nostri
820 1260 1041 1332 praeceptores
1063 1259 1175 1332 putant
1196 1252 1274 1312 nihil
1297 1270 1392 1333 agero

313 1341 526 1401 necessarium
548 1338 708 1418 heredem,
732 1357 803 1398 cum
826 1340 858 1398 in
880 1339 949 1399 iure
972 1337 1063 1400 cedat
1084 1338 1299 1400 hereditatem.
1403 1347 1433 1391 ⁴⁰

264 1427 304 1487 38
399 1425 612 1506 Obligationes
635 1443 763 1504 quoquo
786 1424 878 1485 modo
902 1431 1076 1486 contractae
1095 1423 1173 1486 nibil
1188 1442 1297 1484 eorum
1312 1425 1394 1484 reciss

313 1513 412 1593 piunt.
454 1529 527 1572 nam
550 1508 636 1591 quod
658 1511 734 1572 mihi
756 1509 796 1570 ab
820 1509 925 1590 aliquo
949 1509 1094 1590 debetur,
1117 1508 1150 1572 id
1174 1512 1200 1570 si
1221 1509 1320 1570 uelim
1334 1509 1393 1571 tibi

315 1597 433 1676 deberi,
457 1595 545 1657 nullo
569 1615 679 1657 eorum
701 1595 803 1675 modo,
829 1596 946 1676 quibus
969 1615 1021 1658 res
1044 1596 1223 1676 corporales
1240 1595 1279 1656 ad
1295 1594 1393 1656 alium

312 1683 553 1762 transferuntur,
580 1682 612 1744 id
636 1682 762 1743 efficere
781 1700 917 1762 possum,
942 1682 1000 1744 sed
1022 1701 1102 1762 opus
1124 1690 1182 1762 est,
1205 1689 1240 1742 ut
1261 1681 1393 1744 iubente

313 1789 364 1830 me
386 1776 422 1830 tu
444 1768 484 1830 ab
508 1788 544 1829 eo
568 1769 742 1847 stipuleris3
767 1786 849 1848 quae
871 1787 923 1829 res
947 1769 1049 1847 efficit,
1073 1776 1109 1830 ut
1130 1787 1149 1828 a
1170 1787 1221 1829 me
1237 1767 1433 1830 libereturtt

264 1857 303 1916 39
315 1863 346 1917 et
359 1857 485 1934 incipiat
500 1854 558 1916 tibi
572 1857 684 1930 teneri;
709 1872 790 1934 quae
807 1853 921 1915 dicitur
935 1857 1060 1915 nouatio
1077 1853 1283 1935 obligationis.
1323 1857 1391 1915 sine

314 1942 372 2002 hac
393 1959 470 2002 uero
489 1943 655 2001 nouatione
670 1958 733 2002 non
748 1943 864 2020 poteris
878 1949 933 2001 tuo
948 1943 1073 2002 nomine
1090 1959 1193 2022 agere,
1217 1939 1275 2002 sed
1290 1939 1392 2002 debes

314 2046 354 2088 ex
369 2044 503 2106 persona
515 2044 585 2086 mea
598 2028 687 2106 quasi
700 2028 838 2107 cognitor
854 2023 866 2108 11
882 2035 936 2087 aut
946 2034 1130 2106 procurator
1141 2045 1231 2087 meus
1244 2029 1390 2106 experiri.
1402 2045 1459 2096 pag.
1472 2032 1497 2080 ιι
1530 2005 1532 2016 ⁴

264 2115 302 2174 lo
399 2115 548 2194 Sequitur
587 2120 623 2172 ut
658 2112 882 2174 admoneamus
919 2112 1004 2192 apud
1041 2115 1223 2193 peregrinos
1261 2112 1392 2193 quidem

313 2217 413 2260 unum
442 2217 513 2260 esso
543 2197 728 2276 dominium3
755 2217 827 2260 nam
850 2206 904 2259 aut
927 2198 1072 2260 dominus
1095 2201 1231 2280 quisque
1255 2206 1313 2277 est,
1336 2207 1392 2259 aut
1401 2209 1431 2257 oo

314 2284 459 2346 dominus
487 2303 549 2345 non
579 2283 777 2366 intellegitur.
823 2303 886 2365 quo
913 2287 982 2346 iure
1006 2287 1098 2346 etiam
1120 2283 1257 2366 populus
1280 2287 1392 2345 lloma-

312 2391 373 2432 nus
402 2370 474 2432 olim
502 2370 664 2432 utebatur:
693 2379 747 2431 aut
769 2372 851 2432 enim
875 2389 915 2432 ex
937 2373 1005 2432 inre
1029 2369 1195 2443 Quiritium
1217 2373 1391 2452 unnsquis-

314 2477 376 2538 que
404 2457 548 2519 dominus
576 2464 655 2537 erat,
687 2465 740 2517 aut
755 2475 830 2518 non
856 2456 1101 2538 intellegebatur
1130 2457 1285 2518 dominus.
1332 2456 1391 2518 sed

313 2551 422 2624 postea
449 2543 635 2604 diuisionem
661 2545 780 2622 accepit
807 2541 994 2623 dominium,
1023 2550 1058 2603 ut
1087 2541 1166 2604 alius
1192 2545 1292 2623 possit
1318 2561 1390 2604 esse

264 2631 354 2690 ilex
376 2631 444 2690 iure
468 2630 634 2701 Quiritium
658 2628 813 2708 dominae,
837 2628 917 2689 alius
940 2629 1084 2690 inbonis
1107 2629 1235 2691 babere.
1273 2647 1348 2690 nom
1362 2631 1433 2692 sios

312 2715 369 2776 tibi
397 2733 465 2776 rem
496 2717 630 2794 mancipi
655 2734 760 2795 neque
788 2717 1009 2796 mancipauero
1035 2734 1141 2796 neque
1170 2719 1202 2776 in
1229 2718 1298 2776 iure
1321 2733 1391 2776 ces-

315 2819 399 2878 sero,
429 2799 486 2861 sed
514 2807 636 2862 tantum
663 2800 837 2880 tradidero,
864 2803 896 2862 in
925 2801 1016 2863 bonis
1040 2801 1169 2882 quidem
1190 2803 1254 2862 tuis
1277 2820 1315 2862 ea
1336 2819 1390 2863 res

314 2885 462 2965 efficitur,
493 2905 533 2947 ex
559 2889 627 2947 iure
655 2887 821 2958 Quiritium
847 2906 924 2948 uero
951 2906 1021 2949 mea
1050 2887 1260 2968 permanebit,
1290 2888 1390 2949 donec

312 2976 348 3031 tu
375 2989 444 3032 eam
473 2971 663 3050 possidendo
690 2975 871 3052 usucapia33
900 2974 998 3035 semel
1025 2976 1108 3034 enim
1134 2974 1254 3054 inpleta
1275 2992 1389 3034 usuca-

313 3059 405 3136 pione
433 3058 565 3137 proinde
593 3057 686 3137 pleno
708 3061 777 3120 iure
800 3060 922 3138 incipit,
949 3059 982 3121 id
1005 3067 1053 3121 est
1075 3068 1106 3121 et
1128 3063 1159 3120 in
1182 3061 1272 3122 bonis
1296 3068 1328 3121 et
1349 3070 1433 3122 exto

313 3145 382 3203 iure
409 3144 575 3215 Quiritium
607 3152 661 3204 tua
690 3161 742 3205 res
770 3162 855 3226 esse,
888 3164 924 3207 ac
954 3148 979 3207 si
1005 3165 1042 3208 ea
1071 3148 1246 3226 mancipata
1274 3145 1328 3208 uel
1356 3149 1388 3207 in

263 3230 380 3294 ltiure
404 3247 492 3290 cessa
515 3225 617 3312 (essct.
661 3231 806 3310 Vsuccpio
826 3229 942 3314 cotem>
957 3231 1120 3293 mobilium
1136 3233 1266 3314 quidem
1281 3251 1389 3294 rerum

312 3333 392 3376 anno
416 3315 593 3395 conpletur,
617 3315 708 3378 fundi
729 3335 807 3378 uero
831 3324 862 3378 et
883 3317 1010 3380 aedium
1031 3318 1171 3396 biennio,
1200 3327 1231 3380 et
1253 3321 1296 3380 ita
1318 3319 1388 3400 lege

313 3421 356 3463 ιιι
377 3401 559 3464 tabularum
582 3409 709 3463 cantum
731 3408 787 3464 est.

381 3565 396 3626 ς
415 3568 447 3614 36
463 3565 593 3628 proximo]
611 3566 626 3626 5
644 3569 676 3616 35
694 3561 736 3630 111
756 3569 786 3614 37
805 3579 852 3616 suo
869 3566 931 3630 loco]
949 3569 980 3629 ξς
1000 3570 1049 3618 tos
1068 3580 1124 3631 seq.

382 3713 397 3759 2
416 3711 472 3773 agit
491 3710 630 3771 Gocrclrco,
650 3712 692 3775 egi
713 3709 790 3776 015
809 3711 1001 3775 obligationem
1022 3713 1053 3777 0,
1078 3714 1227 3764 aditionem
1248 3713 1387 3776 Goescton,

313 3778 380 3841 coos.
401 3791 483 3841 sopra
501 3781 535 3828 od
549 3793 611 3842 pop.
625 3783 670 3844 st,
690 3783 721 3829 28
739 3781 750 3842 11
767 3781 795 3830 in
813 3782 912 3832 addidit
931 3781 1061 3832 Goesotec
1077 3782 1087 3845 11
1106 3785 1119 3830 7
1139 3783 1235 3846 aliquis
1253 3796 1289 3832 ecc
1303 3785 1336 3844 5,
1356 3784 1388 3834 st

314 3849 412 3898 addidit
439 3849 590 3898 Lachmann
616 3847 627 3910 11
655 3848 833 3900 hereditatem
864 3849 991 3914 Huschke,
1022 3849 1300 3902 hereditatemstatem
1334 3851 1353 3902 0

315 3919 329 3964 8
348 3918 444 3966 existat
465 3916 602 3976 Gocsohec‚
622 3919 739 3969 existant
759 3917 829 3981 0119
847 3919 988 3984 apparebit
1003 3919 1139 3986 Goescton,
1158 3922 1336 3986 appareuitur
1354 3919 1374 3971 0

314 3985 345 4031 tt
364 3997 476 4048 possum
497 3986 635 4050 Gooscheo,
652 3999 798 4050 possumus
820 3986 870 4051 011
892 3991 923 4038 ti
941 3989 1044 4052 poteris
1065 3989 1206 4054 Gccscheo,
1223 3991 1325 4054 poterit
1345 3991 1364 4042 0

316 4055 346 4100 48
364 4056 525 4116 procurator
545 4054 682 4115 (locantes,
702 4057 874 4120 procuratior
893 4055 913 4106 0
934 4055 946 4121 1
969 4061 1002 4106 ti
1020 4057 1079 4110 iuro
1097 4058 1251 4122 Quiritium]
1270 4059 1337 4122 coos.
1357 4059 1388 4110 0ι

311 4123 440 4182 popm
457 4123 468 4184 11
489 4126 521 4172 2⁵
540 4136 603 4171 nom
624 4123 765 4188 Goesclten,
784 4138 839 4174 non
861 4125 895 4182 Gn
916 4126 927 4190 11
947 4129 978 4176 29
997 4129 1142 4193 usucapies
1161 4128 1303 4193 Gocschoo,
1323 4140 1387 4179 usu-

314 4189 390 4251 capio
410 4189 430 4239 0
450 4190 462 4253 11
487 4193 518 4239 tt
536 4185 567 4256 11
585 4193 683 4242 addidit
701 4193 858 4244 Lootmcoc.
