<?xml version="1.0" encoding="UTF-8"?>
<!DOCTYPE html PUBLIC "-//W3C//DTD XHTML 1.0 Transitional//EN"
    "http://www.w3.org/TR/xhtml1/DTD/xhtml1-transitional.dtd">
<html xmlns="http://www.w3.org/1999/xhtml" xml:lang="en" lang="en">
 <head>
  <title>
</title>
<meta http-equiv="Content-Type" content="text/html;charset=utf-8" />
  <meta name='ocr-system' content='tesseract 3.04.00' />
  <meta name='ocr-capabilities' content='ocr_page ocr_carea ocr_par ocr_line ocrx_word'/>
</head>
<body>
  <div class='ocr_page' id='page_1' title='image "./gaiinstitutione00verogoog_0134.png"; bbox 0 0 3094 4860; ppageno 0'>
   <div class='ocr_carea' id='block_1_1' title="bbox 326 424 1019 512">
    <p class='ocr_par' dir='ltr' id='par_1_1' title="bbox 326 424 1019 512">
     <span class='ocr_line' id='line_1_1' title="bbox 326 424 1019 512; baseline -0.013 -34"><span class='ocrx_word' id='word_1_1' title='bbox 326 427 349 478; x_wconf 93' lang='lat'><strong>11</strong></span> <span class='ocrx_word' id='word_1_2' title='bbox 366 428 496 512; x_wconf 70' lang='lat' dir='ltr'><strong>§ps-so</strong></span> <span class='ocrx_word' id='word_1_3' title='bbox 720 461 805 468; x_wconf 83' lang='lat'><em>-</em></span> <span class='ocrx_word' id='word_1_4' title='bbox 849 424 890 490; x_wconf 77' lang='lat'><strong>53</strong></span> <span class='ocrx_word' id='word_1_5' title='bbox 934 459 1019 470; x_wconf 73' lang='grc'><strong>.-</strong></span> 
     </span>
    </p>
   </div>
   <div class='ocr_carea' id='block_1_2' title="bbox 229 612 1511 3277">
    <p class='ocr_par' dir='ltr' id='par_1_2' title="bbox 326 612 1407 698">
     <span class='ocr_line' id='line_1_2' title="bbox 326 612 1407 698; baseline -0.002 -20"><span class='ocrx_word' id='word_1_6' title='bbox 326 614 413 698; x_wconf 91' lang='lat' dir='ltr'><strong>quod</strong></span> <span class='ocrx_word' id='word_1_7' title='bbox 435 617 467 676; x_wconf 91' lang='lat' dir='ltr'><strong>in</strong></span> <span class='ocrx_word' id='word_1_8' title='bbox 489 613 557 676; x_wconf 91' lang='lat' dir='ltr'><strong>solo</strong></span> <span class='ocrx_word' id='word_1_9' title='bbox 579 621 685 676; x_wconf 87' lang='lat' dir='ltr'><strong>nostro</strong></span> <span class='ocrx_word' id='word_1_10' title='bbox 707 613 748 676; x_wconf 86' lang='lat' dir='ltr'><strong>eb</strong></span> <span class='ocrx_word' id='word_1_11' title='bbox 771 613 876 695; x_wconf 85' lang='lat' dir='ltr'><strong>aliquo</strong></span> <span class='ocrx_word' id='word_1_12' title='bbox 895 612 1095 678; x_wconf 78' lang='lat' dir='ltr'><strong>aedificatum</strong></span> <span class='ocrx_word' id='word_1_13' title='bbox 1110 622 1166 692; x_wconf 91' lang='lat' dir='ltr'><strong>est,</strong></span> <span class='ocrx_word' id='word_1_14' title='bbox 1191 615 1336 696; x_wconf 61' lang='lat' dir='ltr'><strong>momnis</strong></span> <span class='ocrx_word' id='word_1_15' title='bbox 1352 613 1407 676; x_wconf 95' lang='lat' dir='ltr'><strong>ille</strong></span> 
     </span>
    </p>

    <p class='ocr_par' dir='ltr' id='par_1_3' title="bbox 276 699 1408 868">
     <span class='ocr_line' id='line_1_3' title="bbox 326 699 1408 782; baseline -0.002 -18"><span class='ocrx_word' id='word_1_16' title='bbox 326 721 385 764; x_wconf 90' lang='lat' dir='ltr'><strong>suo</strong></span> <span class='ocrx_word' id='word_1_17' title='bbox 412 703 537 762; x_wconf 90' lang='lat' dir='ltr'><strong>nomine</strong></span> <span class='ocrx_word' id='word_1_18' title='bbox 566 699 796 778; x_wconf 80' lang='lat' dir='ltr'><strong>aedificauerit,</strong></span> <span class='ocrx_word' id='word_1_19' title='bbox 828 701 896 762; x_wconf 89' lang='lat' dir='ltr'><strong>iure</strong></span> <span class='ocrx_word' id='word_1_20' title='bbox 923 699 1059 762; x_wconf 79' lang='lat' dir='ltr'><strong>naturali</strong></span> <span class='ocrx_word' id='word_1_21' title='bbox 1085 707 1228 766; x_wconf 80' lang='lat' dir='ltr'><strong>nostrum</strong></span> <span class='ocrx_word' id='word_1_22' title='bbox 1255 701 1303 781; x_wconf 86' lang='lat' dir='ltr'><strong>fit,</strong></span> <span class='ocrx_word' id='word_1_23' title='bbox 1332 703 1408 782; x_wconf 84' lang='lat' dir='ltr'><strong>quia</strong></span> 
     </span>
     <span class='ocr_line' id='line_1_4' title="bbox 276 785 1408 868; baseline 0.001 -21"><span class='ocrx_word' id='word_1_24' title='bbox 276 785 314 848; x_wconf 76' lang='lat' dir='ltr'><strong>st</strong></span> <span class='ocrx_word' id='word_1_25' title='bbox 326 787 510 868; x_wconf 87' lang='lat' dir='ltr'><strong>superficies</strong></span> <span class='ocrx_word' id='word_1_26' title='bbox 543 785 615 848; x_wconf 91' lang='lat' dir='ltr'><strong>solo</strong></span> <span class='ocrx_word' id='word_1_27' title='bbox 642 785 733 850; x_wconf 92' lang='lat' dir='ltr'><strong>cedit.</strong></span> <span class='ocrx_word' id='word_1_28' title='bbox 778 785 938 868; x_wconf 89' lang='lat' dir='ltr'><strong>llultoque</strong></span> <span class='ocrx_word' id='word_1_29' title='bbox 971 788 1070 868; x_wconf 76' lang='lat' dir='ltr'><strong>magis</strong></span> <span class='ocrx_word' id='word_1_30' title='bbox 1102 785 1136 848; x_wconf 94' lang='lat' dir='ltr'><strong>id</strong></span> <span class='ocrx_word' id='word_1_31' title='bbox 1168 785 1280 851; x_wconf 84' lang='lat' dir='ltr'><strong>eccidit</strong></span> <span class='ocrx_word' id='word_1_32' title='bbox 1312 795 1345 848; x_wconf 87' lang='lat' dir='ltr'><strong>et</strong></span> <span class='ocrx_word' id='word_1_33' title='bbox 1374 788 1408 848; x_wconf 89' lang='lat' dir='ltr'><strong>in</strong></span> 
     </span>
    </p>

    <p class='ocr_par' dir='ltr' id='par_1_4' title="bbox 276 871 1433 1038">
     <span class='ocr_line' id='line_1_5' title="bbox 325 871 1408 955; baseline 0.001 -21"><span class='ocrx_word' id='word_1_34' title='bbox 325 874 442 955; x_wconf 82' lang='lat' dir='ltr'><strong>plenta,</strong></span> <span class='ocrx_word' id='word_1_35' title='bbox 466 890 561 953; x_wconf 88' lang='lat' dir='ltr'><strong>quam</strong></span> <span class='ocrx_word' id='word_1_36' title='bbox 584 874 655 953; x_wconf 91' lang='lat' dir='ltr'><strong>quis</strong></span> <span class='ocrx_word' id='word_1_37' title='bbox 677 875 710 934; x_wconf 92' lang='lat' dir='ltr'><strong>in</strong></span> <span class='ocrx_word' id='word_1_38' title='bbox 732 871 798 934; x_wconf 88' lang='lat' dir='ltr'><strong>solo</strong></span> <span class='ocrx_word' id='word_1_39' title='bbox 821 880 928 934; x_wconf 90' lang='lat' dir='ltr'><strong>nostro</strong></span> <span class='ocrx_word' id='word_1_40' title='bbox 949 874 1101 952; x_wconf 72' lang='lat' dir='ltr'>posuerit,</span> <span class='ocrx_word' id='word_1_41' title='bbox 1128 874 1155 934; x_wconf 90' lang='lat' dir='ltr'><strong>si</strong></span> <span class='ocrx_word' id='word_1_42' title='bbox 1177 871 1271 934; x_wconf 91' lang='lat' dir='ltr'><strong>modo</strong></span> <span class='ocrx_word' id='word_1_43' title='bbox 1293 872 1408 936; x_wconf 88' lang='lat' dir='ltr'><strong>redici-</strong></span> 
     </span>
     <span class='ocr_line' id='line_1_6' title="bbox 276 956 1433 1038; baseline 0.004 -20"><span class='ocrx_word' id='word_1_44' title='bbox 276 957 387 1021; x_wconf 68' lang='lat' dir='ltr'><strong>ussus</strong></span> <span class='ocrx_word' id='word_1_45' title='bbox 409 967 526 1020; x_wconf 86' lang='lat' dir='ltr'><strong>terrem</strong></span> <span class='ocrx_word' id='word_1_46' title='bbox 548 958 701 1038; x_wconf 80' lang='lat' dir='ltr'>conplexa</span> <span class='ocrx_word' id='word_1_47' title='bbox 724 958 827 1020; x_wconf 84' lang='lat' dir='ltr'><strong>luerit.</strong></span> <span class='ocrx_word' id='word_1_48' title='bbox 862 957 950 1020; x_wconf 87' lang='lat' dir='ltr'><strong>ldcm</strong></span> <span class='ocrx_word' id='word_1_49' title='bbox 972 961 1121 1038; x_wconf 82' lang='lat' dir='ltr'><strong>contingit</strong></span> <span class='ocrx_word' id='word_1_50' title='bbox 1143 966 1175 1020; x_wconf 91' lang='lat' dir='ltr'><strong>et</strong></span> <span class='ocrx_word' id='word_1_51' title='bbox 1189 961 1220 1020; x_wconf 89' lang='lat' dir='ltr'><strong>iu</strong></span> <span class='ocrx_word' id='word_1_52' title='bbox 1233 956 1433 1038; x_wconf 60' lang='lat' dir='ltr'><strong>frumentun</strong></span> 
     </span>
    </p>

    <p class='ocr_par' dir='ltr' id='par_1_5' title="bbox 267 1043 1408 1384">
     <span class='ocr_line' id='line_1_7' title="bbox 267 1043 1407 1127; baseline 0 -20"><span class='ocrx_word' id='word_1_53' title='bbox 267 1045 315 1107; x_wconf 88' lang='grc'><strong>,76</strong></span> <span class='ocrx_word' id='word_1_54' title='bbox 326 1044 413 1127; x_wconf 85' lang='lat' dir='ltr'><strong>quod</strong></span> <span class='ocrx_word' id='word_1_55' title='bbox 435 1047 467 1106; x_wconf 90' lang='lat' dir='ltr'><strong>iu</strong></span> <span class='ocrx_word' id='word_1_56' title='bbox 490 1044 556 1106; x_wconf 91' lang='lat' dir='ltr'><strong>solo</strong></span> <span class='ocrx_word' id='word_1_57' title='bbox 578 1053 685 1108; x_wconf 90' lang='lat' dir='ltr'><strong>nostro</strong></span> <span class='ocrx_word' id='word_1_58' title='bbox 708 1044 749 1106; x_wconf 92' lang='lat' dir='ltr'><strong>ab</strong></span> <span class='ocrx_word' id='word_1_59' title='bbox 772 1044 877 1126; x_wconf 81' lang='lat' dir='ltr'><strong>aliquo</strong></span> <span class='ocrx_word' id='word_1_60' title='bbox 901 1052 1003 1106; x_wconf 88' lang='lat' dir='ltr'><strong>satum</strong></span> <span class='ocrx_word' id='word_1_61' title='bbox 1026 1044 1129 1106; x_wconf 83' lang='lat' dir='ltr'><strong>fuerit.</strong></span> <span class='ocrx_word' id='word_1_62' title='bbox 1168 1043 1233 1114; x_wconf 88' lang='lat' dir='ltr'><strong>Sed</strong></span> <span class='ocrx_word' id='word_1_63' title='bbox 1254 1047 1281 1106; x_wconf 93' lang='lat' dir='ltr'><strong>si</strong></span> <span class='ocrx_word' id='word_1_64' title='bbox 1304 1044 1344 1106; x_wconf 89' lang='lat' dir='ltr'><strong>ab</strong></span> <span class='ocrx_word' id='word_1_65' title='bbox 1369 1065 1407 1107; x_wconf 90' lang='lat' dir='ltr'><strong>eo</strong></span> 
     </span>
     <span class='ocr_line' id='line_1_8' title="bbox 325 1129 1408 1212; baseline 0 -20"><span class='ocrx_word' id='word_1_66' title='bbox 325 1139 471 1212; x_wconf 82' lang='lat' dir='ltr'><strong>petemus</strong></span> <span class='ocrx_word' id='word_1_67' title='bbox 499 1130 631 1192; x_wconf 79' lang='lat' dir='ltr'><strong>fundum</strong></span> <span class='ocrx_word' id='word_1_68' title='bbox 661 1131 716 1192; x_wconf 92' lang='lat' dir='ltr'><strong>uel</strong></span> <span class='ocrx_word' id='word_1_69' title='bbox 742 1130 922 1192; x_wconf 84' lang='lat' dir='ltr'><strong>aedilicium</strong></span> <span class='ocrx_word' id='word_1_70' title='bbox 950 1138 982 1192; x_wconf 92' lang='lat' dir='ltr'><strong>et</strong></span> <span class='ocrx_word' id='word_1_71' title='bbox 1002 1132 1150 1210; x_wconf 81' lang='lat' dir='ltr'>inpensas</span> <span class='ocrx_word' id='word_1_72' title='bbox 1172 1133 1205 1198; x_wconf 85' lang='lat' dir='ltr'><strong>in</strong></span> <span class='ocrx_word' id='word_1_73' title='bbox 1227 1129 1408 1194; x_wconf 86' lang='lat' dir='ltr'><strong>aedilicium</strong></span> 
     </span>
     <span class='ocr_line' id='line_1_9' title="bbox 324 1215 1408 1296; baseline 0.002 -18"><span class='ocrx_word' id='word_1_74' title='bbox 324 1217 380 1278; x_wconf 84' lang='lat' dir='ltr'><strong>uel</strong></span> <span class='ocrx_word' id='word_1_75' title='bbox 401 1220 434 1278; x_wconf 91' lang='lat' dir='ltr'><strong>in</strong></span> <span class='ocrx_word' id='word_1_76' title='bbox 456 1220 622 1280; x_wconf 79' lang='lat' dir='ltr'><strong>seminaria</strong></span> <span class='ocrx_word' id='word_1_77' title='bbox 644 1216 698 1279; x_wconf 93' lang='lat' dir='ltr'><strong>uel</strong></span> <span class='ocrx_word' id='word_1_78' title='bbox 719 1218 750 1278; x_wconf 92' lang='lat' dir='ltr'><strong>in</strong></span> <span class='ocrx_word' id='word_1_79' title='bbox 771 1224 945 1280; x_wconf 81' lang='lat' dir='ltr'><strong>sementem</strong></span> <span class='ocrx_word' id='word_1_80' title='bbox 960 1216 1056 1278; x_wconf 84' lang='lat' dir='ltr'><strong>iactas</strong></span> <span class='ocrx_word' id='word_1_81' title='bbox 1073 1219 1101 1278; x_wconf 90' lang='lat' dir='ltr'><strong>ei</strong></span> <span class='ocrx_word' id='word_1_82' title='bbox 1117 1215 1242 1280; x_wconf 88' lang='lat' dir='ltr'><strong>soluere</strong></span> <span class='ocrx_word' id='word_1_83' title='bbox 1256 1216 1408 1296; x_wconf 86' lang='lat' dir='ltr'><strong>nolimus,</strong></span> 
     </span>
     <span class='ocr_line' id='line_1_10' title="bbox 324 1301 1407 1384; baseline 0 -19"><span class='ocrx_word' id='word_1_84' title='bbox 324 1307 439 1384; x_wconf 91' lang='lat' dir='ltr'><strong>poterit</strong></span> <span class='ocrx_word' id='word_1_85' title='bbox 467 1322 525 1366; x_wconf 89' lang='lat' dir='ltr'><strong>nos</strong></span> <span class='ocrx_word' id='word_1_86' title='bbox 547 1322 606 1383; x_wconf 89' lang='lat' dir='ltr'><strong>per</strong></span> <span class='ocrx_word' id='word_1_87' title='bbox 629 1305 845 1383; x_wconf 79' lang='lat' dir='ltr'><strong>exceptionem</strong></span> <span class='ocrx_word' id='word_1_88' title='bbox 868 1302 932 1365; x_wconf 93' lang='lat' dir='ltr'><strong>doli</strong></span> <span class='ocrx_word' id='word_1_89' title='bbox 954 1301 1029 1370; x_wconf 29' lang='lat' dir='ltr'><strong>meli,</strong></span> <span class='ocrx_word' id='word_1_90' title='bbox 1050 1302 1221 1382; x_wconf 85' lang='lat' dir='ltr'><strong>repellere,</strong></span> <span class='ocrx_word' id='word_1_91' title='bbox 1245 1306 1356 1384; x_wconf 90' lang='lat' dir='ltr'><strong>utique</strong></span> <span class='ocrx_word' id='word_1_92' title='bbox 1380 1306 1407 1365; x_wconf 89' lang='lat' dir='ltr'><strong>si</strong></span> 
     </span>
    </p>

    <p class='ocr_par' dir='ltr' id='par_1_6' title="bbox 274 1385 1449 1813">
     <span class='ocr_line' id='line_1_11' title="bbox 274 1385 1449 1469; baseline 0.002 -21"><span class='ocrx_word' id='word_1_93' title='bbox 274 1385 427 1454; x_wconf 77' lang='lat' dir='ltr'><strong>libertae</strong></span> <span class='ocrx_word' id='word_1_94' title='bbox 449 1389 524 1452; x_wconf 88' lang='lat' dir='ltr'><strong>fidei</strong></span> <span class='ocrx_word' id='word_1_95' title='bbox 545 1405 710 1469; x_wconf 78' lang='lat' dir='ltr'><strong>possessor</strong></span> <span class='ocrx_word' id='word_1_96' title='bbox 732 1389 835 1450; x_wconf 90' lang='lat' dir='ltr'><strong>fuerit.</strong></span> <span class='ocrx_word' id='word_1_97' title='bbox 873 1388 991 1450; x_wconf 86' lang='lat' dir='ltr'><strong>Eadem</strong></span> <span class='ocrx_word' id='word_1_98' title='bbox 1014 1391 1133 1452; x_wconf 90' lang='lat' dir='ltr'><strong>ratione</strong></span> <span class='ocrx_word' id='word_1_99' title='bbox 1155 1387 1325 1468; x_wconf 75' lang='lat' dir='ltr'><strong>probatum</strong></span> <span class='ocrx_word' id='word_1_100' title='bbox 1348 1397 1449 1468; x_wconf 81' lang='lat' dir='ltr'><strong>est,ro</strong></span> 
     </span>
     <span class='ocr_line' id='line_1_12' title="bbox 325 1474 1407 1556; baseline 0 -20"><span class='ocrx_word' id='word_1_101' title='bbox 325 1476 412 1556; x_wconf 91' lang='lat' dir='ltr'><strong>quod</strong></span> <span class='ocrx_word' id='word_1_102' title='bbox 441 1477 473 1537; x_wconf 91' lang='lat' dir='ltr'><strong>iu</strong></span> <span class='ocrx_word' id='word_1_103' title='bbox 500 1475 651 1538; x_wconf 78' lang='lat' dir='ltr'><strong>chartulis</strong></span> <span class='ocrx_word' id='word_1_104' title='bbox 681 1478 749 1537; x_wconf 91' lang='lat' dir='ltr'><strong>siue</strong></span> <span class='ocrx_word' id='word_1_105' title='bbox 776 1474 968 1538; x_wconf 81' lang='lat' dir='ltr'><strong>membranis</strong></span> <span class='ocrx_word' id='word_1_106' title='bbox 994 1476 1073 1537; x_wconf 91' lang='lat' dir='ltr'><strong>meis</strong></span> <span class='ocrx_word' id='word_1_107' title='bbox 1096 1474 1211 1556; x_wconf 88' lang='lat' dir='ltr'><strong>aliquis</strong></span> <span class='ocrx_word' id='word_1_108' title='bbox 1234 1477 1407 1554; x_wconf 79' lang='lat' dir='ltr'><strong>scripserit,</strong></span> 
     </span>
     <span class='ocr_line' id='line_1_13' title="bbox 324 1559 1407 1642; baseline 0.002 -20"><span class='ocrx_word' id='word_1_109' title='bbox 324 1562 398 1624; x_wconf 90' lang='lat' dir='ltr'><strong>licet</strong></span> <span class='ocrx_word' id='word_1_110' title='bbox 419 1563 524 1624; x_wconf 91' lang='lat' dir='ltr'><strong>aureis</strong></span> <span class='ocrx_word' id='word_1_111' title='bbox 546 1561 668 1640; x_wconf 90' lang='lat' dir='ltr'><strong>litteris,</strong></span> <span class='ocrx_word' id='word_1_112' title='bbox 691 1580 798 1622; x_wconf 87' lang='lat' dir='ltr'><strong>mcum</strong></span> <span class='ocrx_word' id='word_1_113' title='bbox 821 1579 900 1641; x_wconf 90' lang='lat' dir='ltr'><strong>esse,</strong></span> <span class='ocrx_word' id='word_1_114' title='bbox 924 1563 999 1642; x_wconf 88' lang='lat' dir='ltr'><strong>quia</strong></span> <span class='ocrx_word' id='word_1_115' title='bbox 1021 1559 1144 1622; x_wconf 88' lang='lat' dir='ltr'><strong>litterae</strong></span> <span class='ocrx_word' id='word_1_116' title='bbox 1165 1560 1314 1623; x_wconf 83' lang='lat' dir='ltr'><strong>chartulis</strong></span> <span class='ocrx_word' id='word_1_117' title='bbox 1338 1563 1407 1626; x_wconf 89' lang='lat' dir='ltr'><strong>siue</strong></span> 
     </span>
     <span class='ocr_line' id='line_1_14' title="bbox 324 1645 1408 1728; baseline 0 -20"><span class='ocrx_word' id='word_1_118' title='bbox 324 1647 516 1710; x_wconf 81' lang='lat' dir='ltr'><strong>membranis</strong></span> <span class='ocrx_word' id='word_1_119' title='bbox 546 1647 670 1710; x_wconf 89' lang='lat' dir='ltr'><strong>cedunt.</strong></span> <span class='ocrx_word' id='word_1_120' title='bbox 716 1649 822 1728; x_wconf 89' lang='lat' dir='ltr'><strong>itaque</strong></span> <span class='ocrx_word' id='word_1_121' title='bbox 852 1649 878 1708; x_wconf 91' lang='lat' dir='ltr'><strong>si</strong></span> <span class='ocrx_word' id='word_1_122' title='bbox 908 1666 966 1728; x_wconf 84' lang='lat' dir='ltr'><strong>ego</strong></span> <span class='ocrx_word' id='word_1_123' title='bbox 994 1665 1047 1708; x_wconf 90' lang='lat' dir='ltr'><strong>eos</strong></span> <span class='ocrx_word' id='word_1_124' title='bbox 1070 1645 1166 1708; x_wconf 89' lang='lat' dir='ltr'><strong>libros</strong></span> <span class='ocrx_word' id='word_1_125' title='bbox 1189 1665 1284 1710; x_wconf 78' lang='lat' dir='ltr'><strong>essue</strong></span> <span class='ocrx_word' id='word_1_126' title='bbox 1307 1666 1408 1710; x_wconf 92' lang='lat' dir='ltr'><strong>mem·</strong></span> 
     </span>
     <span class='ocr_line' id='line_1_15' title="bbox 324 1732 1407 1813; baseline -0.002 -15"><span class='ocrx_word' id='word_1_127' title='bbox 324 1733 440 1798; x_wconf 85' lang='lat' dir='ltr'><strong>bracas</strong></span> <span class='ocrx_word' id='word_1_128' title='bbox 462 1741 568 1813; x_wconf 89' lang='lat' dir='ltr'><strong>potam</strong></span> <span class='ocrx_word' id='word_1_129' title='bbox 590 1752 649 1796; x_wconf 90' lang='lat' dir='ltr'><strong>nec</strong></span> <span class='ocrx_word' id='word_1_130' title='bbox 671 1735 835 1813; x_wconf 90' lang='lat' dir='ltr'><strong>inpensam</strong></span> <span class='ocrx_word' id='word_1_131' title='bbox 857 1735 1030 1812; x_wconf 89' lang='lat' dir='ltr'><strong>scripturae</strong></span> <span class='ocrx_word' id='word_1_132' title='bbox 1054 1732 1184 1813; x_wconf 90' lang='lat' dir='ltr'><strong>soluam,</strong></span> <span class='ocrx_word' id='word_1_133' title='bbox 1208 1751 1267 1812; x_wconf 89' lang='lat' dir='ltr'><strong>per</strong></span> <span class='ocrx_word' id='word_1_134' title='bbox 1290 1752 1407 1812; x_wconf 86' lang='lat' dir='ltr'><strong>excep-</strong></span> 
     </span>
    </p>

    <p class='ocr_par' dir='ltr' id='par_1_7' title="bbox 275 1818 1511 2502">
     <span class='ocr_line' id='line_1_16' title="bbox 275 1818 1449 1899; baseline -0.003 -17"><span class='ocrx_word' id='word_1_135' title='bbox 275 1819 315 1882; x_wconf 85' lang='lat'><strong>78</strong></span> <span class='ocrx_word' id='word_1_136' title='bbox 325 1822 442 1882; x_wconf 88' lang='lat' dir='ltr'><strong>tionem</strong></span> <span class='ocrx_word' id='word_1_137' title='bbox 465 1819 530 1882; x_wconf 94' lang='lat' dir='ltr'><strong>doli</strong></span> <span class='ocrx_word' id='word_1_138' title='bbox 552 1819 627 1880; x_wconf 83' lang='lat' dir='ltr'><strong>meli</strong></span> <span class='ocrx_word' id='word_1_139' title='bbox 649 1821 842 1880; x_wconf 91' lang='lat' dir='ltr'><strong>summoueri</strong></span> <span class='ocrx_word' id='word_1_140' title='bbox 863 1826 982 1899; x_wconf 93' lang='lat' dir='ltr'><strong>potero.</strong></span> <span class='ocrx_word' id='word_1_141' title='bbox 1021 1818 1077 1880; x_wconf 81' lang='lat' dir='ltr'><strong>sed</strong></span> <span class='ocrx_word' id='word_1_142' title='bbox 1101 1821 1181 1882; x_wconf 89' lang='lat' dir='ltr'><strong>siin</strong></span> <span class='ocrx_word' id='word_1_143' title='bbox 1203 1818 1313 1882; x_wconf 89' lang='lat' dir='ltr'><strong>tabula</strong></span> <span class='ocrx_word' id='word_1_144' title='bbox 1335 1833 1449 1886; x_wconf 79' lang='lat' dir='ltr'><strong>meare</strong></span> 
     </span>
     <span class='ocr_line' id='line_1_17' title="bbox 326 1904 1511 1987; baseline -0.003 -21"><span class='ocrx_word' id='word_1_145' title='bbox 326 1905 441 1987; x_wconf 89' lang='lat' dir='ltr'><strong>aliquis</strong></span> <span class='ocrx_word' id='word_1_146' title='bbox 462 1908 600 1985; x_wconf 85' lang='lat' dir='ltr'><strong>pinxerit</strong></span> <span class='ocrx_word' id='word_1_147' title='bbox 620 1905 721 1968; x_wconf 90' lang='lat' dir='ltr'><strong>ueluti</strong></span> <span class='ocrx_word' id='word_1_148' title='bbox 744 1906 925 1987; x_wconf 80' lang='lat' dir='ltr'><strong>imaginem,</strong></span> <span class='ocrx_word' id='word_1_149' title='bbox 957 1914 1064 1966; x_wconf 90' lang='lat' dir='ltr'><strong>contra</strong></span> <span class='ocrx_word' id='word_1_150' title='bbox 1086 1905 1255 1984; x_wconf 88' lang='lat' dir='ltr'><strong>probatur;</strong></span> <span class='ocrx_word' id='word_1_151' title='bbox 1278 1904 1291 1985; x_wconf 90' lang='grc' dir='ltr'><strong>ΙΙ</strong></span> <span class='ocrx_word' id='word_1_152' title='bbox 1307 1908 1406 1986; x_wconf 78' lang='lat' dir='ltr'><strong>magis</strong></span> <span class='ocrx_word' id='word_1_153' title='bbox 1416 1928 1474 1982; x_wconf 77' lang='lat' dir='ltr'><strong>pag.</strong></span> <span class='ocrx_word' id='word_1_154' title='bbox 1486 1916 1511 1964; x_wconf 80' lang='lat' dir='ltr'><strong>st</strong></span> 
     </span>
     <span class='ocr_line' id='line_1_18' title="bbox 326 1989 1405 2071; baseline 0 -17"><span class='ocrx_word' id='word_1_155' title='bbox 326 1994 410 2054; x_wconf 87' lang='lat' dir='ltr'><strong>euim</strong></span> <span class='ocrx_word' id='word_1_156' title='bbox 437 1992 550 2053; x_wconf 88' lang='lat' dir='ltr'><strong>dicitur</strong></span> <span class='ocrx_word' id='word_1_157' title='bbox 577 1989 718 2052; x_wconf 82' lang='lat' dir='ltr'><strong>tabulam</strong></span> <span class='ocrx_word' id='word_1_158' title='bbox 744 1995 887 2071; x_wconf 89' lang='lat' dir='ltr'><strong>picturae</strong></span> <span class='ocrx_word' id='word_1_159' title='bbox 914 1990 1038 2053; x_wconf 87' lang='lat' dir='ltr'><strong>cedere.</strong></span> <span class='ocrx_word' id='word_1_160' title='bbox 1091 1993 1181 2056; x_wconf 89' lang='lat' dir='ltr'><strong>cuius</strong></span> <span class='ocrx_word' id='word_1_161' title='bbox 1212 1990 1405 2056; x_wconf 83' lang='lat' dir='ltr'><strong>diuersitatis</strong></span> 
     </span>
     <span class='ocr_line' id='line_1_19' title="bbox 325 2076 1406 2158; baseline 0 -18"><span class='ocrx_word' id='word_1_162' title='bbox 325 2078 381 2140; x_wconf 88' lang='lat' dir='ltr'><strong>uix</strong></span> <span class='ocrx_word' id='word_1_163' title='bbox 410 2077 523 2139; x_wconf 89' lang='lat' dir='ltr'><strong>idonea</strong></span> <span class='ocrx_word' id='word_1_164' title='bbox 549 2080 627 2138; x_wconf 80' lang='lat' dir='ltr'><strong>ratio</strong></span> <span class='ocrx_word' id='word_1_165' title='bbox 655 2076 814 2154; x_wconf 91' lang='lat' dir='ltr'><strong>redditur;</strong></span> <span class='ocrx_word' id='word_1_166' title='bbox 844 2083 930 2140; x_wconf 87' lang='lat' dir='ltr'><strong>certe</strong></span> <span class='ocrx_word' id='word_1_167' title='bbox 957 2076 1134 2146; x_wconf 88' lang='lat' dir='ltr'><strong>secuudum</strong></span> <span class='ocrx_word' id='word_1_168' title='bbox 1160 2077 1240 2142; x_wconf 80' lang='lat' dir='ltr'><strong>benc</strong></span> <span class='ocrx_word' id='word_1_169' title='bbox 1262 2076 1406 2158; x_wconf 80' lang='lat' dir='ltr'><strong>regulam</strong></span> 
     </span>
     <span class='ocr_line' id='line_1_20' title="bbox 326 2162 1405 2245; baseline 0 -19"><span class='ocrx_word' id='word_1_170' title='bbox 326 2165 353 2226; x_wconf 90' lang='lat' dir='ltr'><strong>si</strong></span> <span class='ocrx_word' id='word_1_171' title='bbox 383 2181 433 2230; x_wconf 88' lang='lat' dir='ltr'><strong>me</strong></span> <span class='ocrx_word' id='word_1_172' title='bbox 460 2163 642 2244; x_wconf 89' lang='lat' dir='ltr'><strong>possidente</strong></span> <span class='ocrx_word' id='word_1_173' title='bbox 670 2170 760 2244; x_wconf 82' lang='lat' dir='ltr'><strong>petas</strong></span> <span class='ocrx_word' id='word_1_174' title='bbox 787 2165 954 2245; x_wconf 82' lang='lat' dir='ltr'><strong>imaginem</strong></span> <span class='ocrx_word' id='word_1_175' title='bbox 976 2170 1063 2225; x_wconf 89' lang='lat' dir='ltr'><strong>tuam</strong></span> <span class='ocrx_word' id='word_1_176' title='bbox 1093 2181 1179 2243; x_wconf 88' lang='lat' dir='ltr'><strong>esse,</strong></span> <span class='ocrx_word' id='word_1_177' title='bbox 1211 2181 1270 2224; x_wconf 90' lang='lat' dir='ltr'><strong>nec</strong></span> <span class='ocrx_word' id='word_1_178' title='bbox 1298 2162 1405 2226; x_wconf 83' lang='lat' dir='ltr'><strong>solues</strong></span> 
     </span>
     <span class='ocr_line' id='line_1_21' title="bbox 325 2248 1448 2331; baseline -0.004 -19"><span class='ocrx_word' id='word_1_179' title='bbox 325 2251 462 2331; x_wconf 88' lang='lat' dir='ltr'><strong>pretium</strong></span> <span class='ocrx_word' id='word_1_180' title='bbox 488 2249 630 2328; x_wconf 89' lang='lat' dir='ltr'><strong>tabulae,</strong></span> <span class='ocrx_word' id='word_1_181' title='bbox 661 2251 778 2329; x_wconf 90' lang='lat' dir='ltr'><strong>poteris</strong></span> <span class='ocrx_word' id='word_1_182' title='bbox 805 2268 865 2329; x_wconf 91' lang='lat' dir='ltr'><strong>per</strong></span> <span class='ocrx_word' id='word_1_183' title='bbox 891 2251 1107 2329; x_wconf 87' lang='lat' dir='ltr'><strong>exceptionem</strong></span> <span class='ocrx_word' id='word_1_184' title='bbox 1135 2248 1199 2312; x_wconf 92' lang='lat' dir='ltr'><strong>doli</strong></span> <span class='ocrx_word' id='word_1_185' title='bbox 1220 2249 1296 2310; x_wconf 88' lang='lat' dir='ltr'><strong>mali</strong></span> <span class='ocrx_word' id='word_1_186' title='bbox 1319 2262 1448 2312; x_wconf 81' lang='lat' dir='ltr'><strong>sum-so</strong></span> 
     </span>
     <span class='ocr_line' id='line_1_22' title="bbox 325 2335 1405 2416; baseline 0 -18"><span class='ocrx_word' id='word_1_187' title='bbox 325 2338 459 2413; x_wconf 84' lang='lat' dir='ltr'><strong>moueri3</strong></span> <span class='ocrx_word' id='word_1_188' title='bbox 487 2343 519 2398; x_wconf 93' lang='lat' dir='ltr'><strong>at</strong></span> <span class='ocrx_word' id='word_1_189' title='bbox 541 2338 567 2398; x_wconf 91' lang='lat' dir='ltr'><strong>si</strong></span> <span class='ocrx_word' id='word_1_190' title='bbox 589 2343 625 2396; x_wconf 91' lang='lat' dir='ltr'><strong>tu</strong></span> <span class='ocrx_word' id='word_1_191' title='bbox 646 2335 826 2415; x_wconf 84' lang='lat' dir='ltr'><strong>possideas,</strong></span> <span class='ocrx_word' id='word_1_192' title='bbox 851 2353 1048 2416; x_wconf 86' lang='lat' dir='ltr'><strong>consequens</strong></span> <span class='ocrx_word' id='word_1_193' title='bbox 1072 2343 1135 2416; x_wconf 88' lang='lat' dir='ltr'><strong>est,</strong></span> <span class='ocrx_word' id='word_1_194' title='bbox 1162 2342 1199 2397; x_wconf 91' lang='lat' dir='ltr'><strong>ut</strong></span> <span class='ocrx_word' id='word_1_195' title='bbox 1219 2335 1306 2398; x_wconf 88' lang='lat' dir='ltr'><strong>utilis</strong></span> <span class='ocrx_word' id='word_1_196' title='bbox 1329 2335 1405 2398; x_wconf 88' lang='lat' dir='ltr'><strong>mibi</strong></span> 
     </span>
     <span class='ocr_line' id='line_1_23' title="bbox 325 2420 1404 2502; baseline 0.002 -18"><span class='ocrx_word' id='word_1_197' title='bbox 325 2424 404 2484; x_wconf 90' lang='lat' dir='ltr'><strong>actio</strong></span> <span class='ocrx_word' id='word_1_198' title='bbox 432 2422 606 2486; x_wconf 75' lang='lat' dir='ltr'><strong>aduersum</strong></span> <span class='ocrx_word' id='word_1_199' title='bbox 631 2430 662 2484; x_wconf 92' lang='lat' dir='ltr'><strong>te</strong></span> <span class='ocrx_word' id='word_1_200' title='bbox 686 2420 754 2484; x_wconf 93' lang='lat' dir='ltr'><strong>dari</strong></span> <span class='ocrx_word' id='word_1_201' title='bbox 777 2421 912 2498; x_wconf 88' lang='lat' dir='ltr'><strong>debeat;</strong></span> <span class='ocrx_word' id='word_1_202' title='bbox 945 2440 1008 2502; x_wconf 90' lang='lat' dir='ltr'><strong>quo</strong></span> <span class='ocrx_word' id='word_1_203' title='bbox 1032 2439 1108 2484; x_wconf 86' lang='lat' dir='ltr'><strong>casu</strong></span> <span class='ocrx_word' id='word_1_204' title='bbox 1130 2422 1190 2484; x_wconf 90' lang='lat' dir='ltr'><strong>nisi</strong></span> <span class='ocrx_word' id='word_1_205' title='bbox 1212 2420 1334 2483; x_wconf 91' lang='lat' dir='ltr'><strong>soluam</strong></span> <span class='ocrx_word' id='word_1_206' title='bbox 1357 2423 1404 2486; x_wconf 90' lang='lat' dir='ltr'><strong>in-</strong></span> 
     </span>
    </p>

    <p class='ocr_par' dir='ltr' id='par_1_8' title="bbox 276 2507 1405 2676">
     <span class='ocr_line' id='line_1_24' title="bbox 276 2507 1405 2589; baseline -0.002 -17"><span class='ocrx_word' id='word_1_207' title='bbox 276 2564 278 2572; x_wconf 92' lang='lat'>.</span> <span class='ocrx_word' id='word_1_208' title='bbox 324 2527 456 2588; x_wconf 87' lang='lat' dir='ltr'><strong>pensam</strong></span> <span class='ocrx_word' id='word_1_209' title='bbox 489 2511 645 2589; x_wconf 82' lang='lat' dir='ltr'><strong>picturae,</strong></span> <span class='ocrx_word' id='word_1_210' title='bbox 679 2510 798 2588; x_wconf 88' lang='lat' dir='ltr'><strong>poteris</strong></span> <span class='ocrx_word' id='word_1_211' title='bbox 831 2527 883 2572; x_wconf 88' lang='lat' dir='ltr'><strong>me</strong></span> <span class='ocrx_word' id='word_1_212' title='bbox 908 2526 968 2587; x_wconf 90' lang='lat' dir='ltr'><strong>per</strong></span> <span class='ocrx_word' id='word_1_213' title='bbox 994 2509 1211 2588; x_wconf 83' lang='lat' dir='ltr'><strong>exceptionem</strong></span> <span class='ocrx_word' id='word_1_214' title='bbox 1238 2507 1302 2570; x_wconf 90' lang='lat' dir='ltr'><strong>doli</strong></span> <span class='ocrx_word' id='word_1_215' title='bbox 1330 2507 1405 2570; x_wconf 92' lang='lat' dir='ltr'><strong>mali</strong></span> 
     </span>
     <span class='ocr_line' id='line_1_25' title="bbox 324 2593 1404 2676; baseline -0.001 -20"><span class='ocrx_word' id='word_1_216' title='bbox 324 2595 498 2673; x_wconf 87' lang='lat' dir='ltr'><strong>repellere,</strong></span> <span class='ocrx_word' id='word_1_217' title='bbox 533 2597 643 2676; x_wconf 86' lang='lat' dir='ltr'><strong>utique</strong></span> <span class='ocrx_word' id='word_1_218' title='bbox 671 2596 698 2656; x_wconf 91' lang='lat' dir='ltr'><strong>si</strong></span> <span class='ocrx_word' id='word_1_219' title='bbox 725 2594 827 2656; x_wconf 89' lang='lat' dir='ltr'><strong>bonae</strong></span> <span class='ocrx_word' id='word_1_220' title='bbox 854 2593 929 2656; x_wconf 84' lang='lat' dir='ltr'><strong>fidei</strong></span> <span class='ocrx_word' id='word_1_221' title='bbox 961 2610 1128 2673; x_wconf 87' lang='lat' dir='ltr'><strong>possessor</strong></span> <span class='ocrx_word' id='word_1_222' title='bbox 1158 2594 1265 2656; x_wconf 81' lang='lat' dir='ltr'><strong>fueris.</strong></span> <span class='ocrx_word' id='word_1_223' title='bbox 1322 2593 1404 2656; x_wconf 90' lang='lat' dir='ltr'><strong>illud</strong></span> 
     </span>
    </p>

    <p class='ocr_par' dir='ltr' id='par_1_9' title="bbox 229 2679 1449 2845">
     <span class='ocr_line' id='line_1_26' title="bbox 229 2679 1449 2762; baseline -0.002 -20"><span class='ocrx_word' id='word_1_224' title='bbox 229 2687 230 2692; x_wconf 77' lang='grc'>’</span> <span class='ocrx_word' id='word_1_225' title='bbox 324 2680 428 2758; x_wconf 85' lang='lat' dir='ltr'><strong>palem</strong></span> <span class='ocrx_word' id='word_1_226' title='bbox 455 2690 515 2760; x_wconf 92' lang='lat' dir='ltr'><strong>est,</strong></span> <span class='ocrx_word' id='word_1_227' title='bbox 545 2680 631 2762; x_wconf 91' lang='lat' dir='ltr'><strong>quod</strong></span> <span class='ocrx_word' id='word_1_228' title='bbox 660 2681 728 2742; x_wconf 89' lang='lat' dir='ltr'><strong>siue</strong></span> <span class='ocrx_word' id='word_1_229' title='bbox 755 2687 790 2741; x_wconf 92' lang='lat' dir='ltr'><strong>tu</strong></span> <span class='ocrx_word' id='word_1_230' title='bbox 817 2680 1016 2762; x_wconf 84' lang='lat' dir='ltr'><strong>subripueris</strong></span> <span class='ocrx_word' id='word_1_231' title='bbox 1044 2679 1187 2742; x_wconf 89' lang='lat' dir='ltr'><strong>tabulam</strong></span> <span class='ocrx_word' id='word_1_232' title='bbox 1215 2681 1284 2742; x_wconf 90' lang='lat' dir='ltr'><strong>siue</strong></span> <span class='ocrx_word' id='word_1_233' title='bbox 1312 2679 1449 2758; x_wconf 72' lang='lat' dir='ltr'><strong>aliusne</strong></span> 
     </span>
     <span class='ocr_line' id='line_1_27' title="bbox 326 2767 769 2845; baseline 0.007 -19"><span class='ocrx_word' id='word_1_234' title='bbox 326 2768 463 2845; x_wconf 90' lang='lat' dir='ltr'><strong>conpetit</strong></span> <span class='ocrx_word' id='word_1_235' title='bbox 483 2767 560 2828; x_wconf 87' lang='lat' dir='ltr'><strong>milri</strong></span> <span class='ocrx_word' id='word_1_236' title='bbox 582 2767 657 2828; x_wconf 89' lang='lat' dir='ltr'><strong>furti</strong></span> <span class='ocrx_word' id='word_1_237' title='bbox 680 2767 769 2830; x_wconf 89' lang='lat' dir='ltr'><strong>actio.</strong></span> 
     </span>
    </p>

    <p class='ocr_par' dir='ltr' id='par_1_10' title="bbox 274 2849 1448 3277">
     <span class='ocr_line' id='line_1_28' title="bbox 274 2849 1404 2933; baseline 0 -22"><span class='ocrx_word' id='word_1_238' title='bbox 274 2849 313 2913; x_wconf 84' lang='lat'><strong>79</strong></span> <span class='ocrx_word' id='word_1_239' title='bbox 412 2853 448 2912; x_wconf 90' lang='lat' dir='ltr'><strong>ln</strong></span> <span class='ocrx_word' id='word_1_240' title='bbox 480 2851 548 2913; x_wconf 88' lang='lat' dir='ltr'><strong>aliis</strong></span> <span class='ocrx_word' id='word_1_241' title='bbox 582 2870 710 2933; x_wconf 89' lang='lat' dir='ltr'><strong>quoque</strong></span> <span class='ocrx_word' id='word_1_242' title='bbox 738 2852 905 2932; x_wconf 87' lang='lat' dir='ltr'><strong>speciebus</strong></span> <span class='ocrx_word' id='word_1_243' title='bbox 934 2851 1086 2914; x_wconf 82' lang='lat' dir='ltr'><strong>naturalis</strong></span> <span class='ocrx_word' id='word_1_244' title='bbox 1115 2853 1193 2912; x_wconf 91' lang='lat' dir='ltr'><strong>ratio</strong></span> <span class='ocrx_word' id='word_1_245' title='bbox 1221 2853 1404 2932; x_wconf 89' lang='lat' dir='ltr'><strong>requiritur.</strong></span> 
     </span>
     <span class='ocr_line' id='line_1_29' title="bbox 325 2930 1408 3024; baseline 0.002 -27"><span class='ocrx_word' id='word_1_246' title='bbox 325 2937 454 3018; x_wconf 87' lang='lat' dir='ltr'><strong>proinde</strong></span> <span class='ocrx_word' id='word_1_247' title='bbox 480 2939 508 2998; x_wconf 89' lang='lat' dir='ltr'><strong>si</strong></span> <span class='ocrx_word' id='word_1_248' title='bbox 538 2956 579 2999; x_wconf 89' lang='lat' dir='ltr'><strong>ex</strong></span> <span class='ocrx_word' id='word_1_249' title='bbox 605 2938 677 3000; x_wconf 90' lang='lat' dir='ltr'><strong>uuis</strong></span> <span class='ocrx_word' id='word_1_250' title='bbox 704 2930 777 3024; x_wconf 84' lang='lat' dir='ltr'><strong>&lt;out</strong></span> <span class='ocrx_word' id='word_1_251' title='bbox 798 2938 888 2999; x_wconf 79' lang='lat' dir='ltr'><strong>olicis</strong></span> <span class='ocrx_word' id='word_1_252' title='bbox 910 2945 965 3000; x_wconf 80' lang='lat' dir='ltr'><strong>out</strong></span> <span class='ocrx_word' id='word_1_253' title='bbox 985 2934 1093 3022; x_wconf 78' lang='lat' dir='ltr'><strong>spicis&gt;</strong></span> <span class='ocrx_word' id='word_1_254' title='bbox 1116 2939 1194 3000; x_wconf 88' lang='lat' dir='ltr'><strong>meis</strong></span> <span class='ocrx_word' id='word_1_255' title='bbox 1217 2940 1327 2998; x_wconf 90' lang='lat' dir='ltr'><strong>uinum</strong></span> <span class='ocrx_word' id='word_1_256' title='bbox 1350 2946 1408 3001; x_wconf 88' lang='lat' dir='ltr'><strong>aut</strong></span> 
     </span>
     <span class='ocr_line' id='line_1_30' title="bbox 326 3021 1407 3105; baseline 0.004 -23"><span class='ocrx_word' id='word_1_257' title='bbox 326 3021 430 3084; x_wconf 91' lang='lat' dir='ltr'><strong>oleum</strong></span> <span class='ocrx_word' id='word_1_258' title='bbox 453 3029 507 3084; x_wconf 89' lang='lat' dir='ltr'><strong>aut</strong></span> <span class='ocrx_word' id='word_1_259' title='bbox 528 3023 722 3086; x_wconf 80' lang='lat' dir='ltr'><strong>frumentum</strong></span> <span class='ocrx_word' id='word_1_260' title='bbox 745 3023 870 3104; x_wconf 85' lang='lat' dir='ltr'><strong>feceris,</strong></span> <span class='ocrx_word' id='word_1_261' title='bbox 896 3026 1072 3105; x_wconf 89' lang='lat' dir='ltr'><strong>quaeritur,</strong></span> <span class='ocrx_word' id='word_1_262' title='bbox 1100 3033 1207 3087; x_wconf 88' lang='lat' dir='ltr'><strong>utrum</strong></span> <span class='ocrx_word' id='word_1_263' title='bbox 1235 3042 1342 3086; x_wconf 91' lang='lat' dir='ltr'><strong>meum</strong></span> <span class='ocrx_word' id='word_1_264' title='bbox 1365 3026 1407 3086; x_wconf 91' lang='lat' dir='ltr'><strong>sit</strong></span> 
     </span>
     <span class='ocr_line' id='line_1_31' title="bbox 324 3108 1448 3189; baseline 0 -19"><span class='ocrx_word' id='word_1_265' title='bbox 324 3108 358 3171; x_wconf 92' lang='lat' dir='ltr'><strong>id</strong></span> <span class='ocrx_word' id='word_1_266' title='bbox 380 3109 490 3170; x_wconf 91' lang='lat' dir='ltr'><strong>uinum</strong></span> <span class='ocrx_word' id='word_1_267' title='bbox 513 3117 567 3170; x_wconf 93' lang='lat' dir='ltr'><strong>aut</strong></span> <span class='ocrx_word' id='word_1_268' title='bbox 589 3108 694 3170; x_wconf 92' lang='lat' dir='ltr'><strong>oleum</strong></span> <span class='ocrx_word' id='word_1_269' title='bbox 717 3118 772 3170; x_wconf 88' lang='lat' dir='ltr'><strong>aut</strong></span> <span class='ocrx_word' id='word_1_270' title='bbox 793 3110 995 3189; x_wconf 89' lang='lat' dir='ltr'><strong>frumentum,</strong></span> <span class='ocrx_word' id='word_1_271' title='bbox 1019 3129 1060 3173; x_wconf 91' lang='lat' dir='ltr'><strong>an</strong></span> <span class='ocrx_word' id='word_1_272' title='bbox 1081 3119 1180 3171; x_wconf 85' lang='lat' dir='ltr'><strong>tuum.</strong></span> <span class='ocrx_word' id='word_1_273' title='bbox 1218 3111 1292 3170; x_wconf 89' lang='lat' dir='ltr'><strong>item</strong></span> <span class='ocrx_word' id='word_1_274' title='bbox 1315 3111 1341 3171; x_wconf 89' lang='lat' dir='ltr'><strong>si</strong></span> <span class='ocrx_word' id='word_1_275' title='bbox 1364 3125 1448 3172; x_wconf 85' lang='lat' dir='ltr'><strong>exso</strong></span> 
     </span>
     <span class='ocr_line' id='line_1_32' title="bbox 325 3195 1405 3277; baseline 0.003 -22"><span class='ocrx_word' id='word_1_276' title='bbox 325 3213 402 3256; x_wconf 91' lang='lat' dir='ltr'><strong>auro</strong></span> <span class='ocrx_word' id='word_1_277' title='bbox 432 3201 487 3255; x_wconf 88' lang='lat' dir='ltr'><strong>aut</strong></span> <span class='ocrx_word' id='word_1_278' title='bbox 511 3202 639 3276; x_wconf 74' lang='lat' dir='ltr'><strong>arpeutc</strong></span> <span class='ocrx_word' id='word_1_279' title='bbox 665 3213 736 3257; x_wconf 91' lang='lat' dir='ltr'><strong>meo</strong></span> <span class='ocrx_word' id='word_1_280' title='bbox 758 3214 816 3256; x_wconf 85' lang='lat' dir='ltr'><strong>uss</strong></span> <span class='ocrx_word' id='word_1_281' title='bbox 839 3195 969 3277; x_wconf 90' lang='lat' dir='ltr'><strong>aliquod</strong></span> <span class='ocrx_word' id='word_1_282' title='bbox 991 3197 1117 3275; x_wconf 88' lang='lat' dir='ltr'><strong>feceris,</strong></span> <span class='ocrx_word' id='word_1_283' title='bbox 1146 3195 1264 3258; x_wconf 88' lang='lat' dir='ltr'><strong>uelox</strong></span> <span class='ocrx_word' id='word_1_284' title='bbox 1285 3195 1405 3258; x_wconf 89' lang='lat' dir='ltr'><strong>tabulis</strong></span> 
     </span>
    </p>
   </div>
   <div class='ocr_carea' id='block_1_3' title="bbox 392 3382 1035 3448">
    <p class='ocr_par' dir='ltr' id='par_1_11' title="bbox 392 3382 1035 3448">
     <span class='ocr_line' id='line_1_33' title="bbox 392 3382 1035 3448; baseline 0.002 -16"><span class='ocrx_word' id='word_1_285' title='bbox 392 3384 453 3446; x_wconf 73' lang='lat'><strong>§78</strong></span> <span class='ocrx_word' id='word_1_286' title='bbox 471 3383 534 3434; x_wconf 89' lang='lat' dir='ltr'><strong>iude</strong></span> <span class='ocrx_word' id='word_1_287' title='bbox 553 3384 587 3434; x_wconf 91' lang='lat' dir='ltr'><strong>ab</strong></span> <span class='ocrx_word' id='word_1_288' title='bbox 607 3386 639 3432; x_wconf 78' lang='grc'><strong>49</strong></span> <span class='ocrx_word' id='word_1_289' title='bbox 658 3385 681 3433; x_wconf 82' lang='lat' dir='ltr'><strong>si</strong></span> <span class='ocrx_word' id='word_1_290' title='bbox 698 3382 755 3433; x_wconf 89' lang='lat' dir='ltr'><strong>lere</strong></span> <span class='ocrx_word' id='word_1_291' title='bbox 773 3403 805 3426; x_wconf 90' lang='lat'>=</span> <span class='ocrx_word' id='word_1_292' title='bbox 824 3384 887 3434; x_wconf 91' lang='lat' dir='ltr'><strong>lust.</strong></span> <span class='ocrx_word' id='word_1_293' title='bbox 908 3387 931 3448; x_wconf 73' lang='lat' dir='ltr'><strong>t,</strong></span> <span class='ocrx_word' id='word_1_294' title='bbox 951 3387 974 3448; x_wconf 87' lang='lat' dir='ltr'><strong>t,</strong></span> <span class='ocrx_word' id='word_1_295' title='bbox 995 3385 1035 3433; x_wconf 79' lang='lat' dir='ltr'><strong>ot.</strong></span> 
     </span>
    </p>
   </div>
   <div class='ocr_carea' id='block_1_4' title="bbox 219 3554 1404 4311">
    <p class='ocr_par' dir='ltr' id='par_1_12' title="bbox 219 3554 1404 4311">
     <span class='ocr_line' id='line_1_34' title="bbox 394 3554 1403 3621; baseline 0.006 -17"><span class='ocrx_word' id='word_1_296' title='bbox 394 3558 404 3604; x_wconf 93' lang='grc'><strong>4</strong></span> <span class='ocrx_word' id='word_1_297' title='bbox 426 3556 552 3619; x_wconf 87' lang='lat' dir='ltr'><strong>quamuis</strong></span> <span class='ocrx_word' id='word_1_298' title='bbox 567 3555 705 3618; x_wconf 79' lang='lat' dir='ltr'><strong>Goescbeo,</strong></span> <span class='ocrx_word' id='word_1_299' title='bbox 726 3556 774 3619; x_wconf 90' lang='lat' dir='ltr'><strong>qui</strong></span> <span class='ocrx_word' id='word_1_300' title='bbox 795 3554 822 3619; x_wconf 79' lang='lat' dir='ltr'><strong>G,</strong></span> <span class='ocrx_word' id='word_1_301' title='bbox 840 3555 907 3617; x_wconf 76' lang='lat' dir='ltr'><strong>coes.</strong></span> <span class='ocrx_word' id='word_1_302' title='bbox 928 3555 960 3605; x_wconf 75' lang='lat' dir='ltr'><strong>G·</strong></span> <span class='ocrx_word' id='word_1_303' title='bbox 974 3568 1038 3620; x_wconf 75' lang='lat' dir='ltr'><strong>pap.</strong></span> <span class='ocrx_word' id='word_1_304' title='bbox 1056 3559 1108 3611; x_wconf 75' lang='lat'><strong>297</strong></span> <span class='ocrx_word' id='word_1_305' title='bbox 1120 3555 1158 3619; x_wconf 76' lang='grc'><strong>444</strong></span> <span class='ocrx_word' id='word_1_306' title='bbox 1178 3556 1251 3608; x_wconf 89' lang='lat' dir='ltr'><strong>cedit</strong></span> <span class='ocrx_word' id='word_1_307' title='bbox 1265 3557 1403 3621; x_wconf 71' lang='grc'><strong>64444444,</strong></span> 
     </span>
     <span class='ocr_line' id='line_1_35' title="bbox 325 3622 1402 3691; baseline 0.004 -17"><span class='ocrx_word' id='word_1_308' title='bbox 325 3624 433 3676; x_wconf 89' lang='lat' dir='ltr'><strong>ceditur</strong></span> <span class='ocrx_word' id='word_1_309' title='bbox 454 3623 530 3687; x_wconf 77' lang='grc'>0115</span> <span class='ocrx_word' id='word_1_310' title='bbox 550 3623 686 3675; x_wconf 80' lang='lat' dir='ltr'><strong>frumento</strong></span> <span class='ocrx_word' id='word_1_311' title='bbox 707 3623 848 3687; x_wconf 82' lang='lat' dir='ltr'><strong>Goescben,</strong></span> <span class='ocrx_word' id='word_1_312' title='bbox 866 3629 1008 3688; x_wconf 87' lang='lat' dir='ltr'><strong>promento</strong></span> <span class='ocrx_word' id='word_1_313' title='bbox 1030 3622 1090 3691; x_wconf 65' lang='lat' dir='ltr'><strong>0¹¹ss</strong></span> <span class='ocrx_word' id='word_1_314' title='bbox 1109 3629 1122 3674; x_wconf 80' lang='grc'><strong>7</strong></span> <span class='ocrx_word' id='word_1_315' title='bbox 1142 3623 1258 3678; x_wconf 83' lang='lat' dir='ltr'><strong>fundum</strong></span> <span class='ocrx_word' id='word_1_316' title='bbox 1277 3626 1402 3691; x_wconf 67' lang='grc'><strong>4144444444,</strong></span> 
     </span>
     <span class='ocr_line' id='line_1_36' title="bbox 324 3691 1404 3763; baseline 0 -19"><span class='ocrx_word' id='word_1_317' title='bbox 324 3692 443 3746; x_wconf 81' lang='lat' dir='ltr'><strong>lruotum</strong></span> <span class='ocrx_word' id='word_1_318' title='bbox 460 3691 500 3758; x_wconf 80' lang='grc' dir='ltr'><strong>ΟΙΙ</strong></span> <span class='ocrx_word' id='word_1_319' title='bbox 510 3693 555 3743; x_wconf 87' lang='lat' dir='ltr'><strong>uel</strong></span> <span class='ocrx_word' id='word_1_320' title='bbox 568 3691 724 3746; x_wconf 86' lang='lat' dir='ltr'><strong>aedificium</strong></span> <span class='ocrx_word' id='word_1_321' title='bbox 737 3694 864 3756; x_wconf 64' lang='lat' dir='ltr'><strong>glossema</strong></span> <span class='ocrx_word' id='word_1_322' title='bbox 877 3706 932 3744; x_wconf 85' lang='lat' dir='ltr'><strong>esse</strong></span> <span class='ocrx_word' id='word_1_323' title='bbox 943 3695 1066 3754; x_wconf 74' lang='lat' dir='ltr'><strong>opinator</strong></span> <span class='ocrx_word' id='word_1_324' title='bbox 1078 3695 1219 3752; x_wconf 75' lang='lat' dir='ltr'><strong>Menoeceos</strong></span> <span class='ocrx_word' id='word_1_325' title='bbox 1229 3693 1240 3763; x_wconf 82' lang='grc' dir='ltr'><strong>ΙΙ</strong></span> <span class='ocrx_word' id='word_1_326' title='bbox 1256 3697 1288 3744; x_wconf 84' lang='grc'><strong>44</strong></span> <span class='ocrx_word' id='word_1_327' title='bbox 1303 3695 1404 3746; x_wconf 89' lang='lat' dir='ltr'><strong>cedunt</strong></span> 
     </span>
     <span class='ocr_line' id='line_1_37' title="bbox 219 3758 1402 3827; baseline 0.001 -14"><span class='ocrx_word' id='word_1_328' title='bbox 219 3815 221 3820; x_wconf 69' lang='grc'>,</span> <span class='ocrx_word' id='word_1_329' title='bbox 327 3762 465 3824; x_wconf 78' lang='lat' dir='ltr'><strong>Goescbee,</strong></span> <span class='ocrx_word' id='word_1_330' title='bbox 484 3761 619 3814; x_wconf 85' lang='lat' dir='ltr'><strong>ceduntur</strong></span> <span class='ocrx_word' id='word_1_331' title='bbox 640 3758 685 3827; x_wconf 80' lang='grc' dir='ltr'><strong>ΟΙΙ</strong></span> <span class='ocrx_word' id='word_1_332' title='bbox 702 3761 788 3812; x_wconf 90' lang='lat' dir='ltr'><strong>libros</strong></span> <span class='ocrx_word' id='word_1_333' title='bbox 809 3761 949 3824; x_wconf 76' lang='lat' dir='ltr'><strong>Goescbec,</strong></span> <span class='ocrx_word' id='word_1_334' title='bbox 972 3760 1060 3812; x_wconf 87' lang='lat' dir='ltr'><strong>libras</strong></span> <span class='ocrx_word' id='word_1_335' title='bbox 1081 3759 1226 3827; x_wconf 72' lang='lat' dir='ltr'><strong>Cleasue</strong></span> <span class='ocrx_word' id='word_1_336' title='bbox 1244 3764 1402 3827; x_wconf 81' lang='lat' dir='ltr'><strong>Lacbmooc,</strong></span> 
     </span>
     <span class='ocr_line' id='line_1_38' title="bbox 325 3825 1402 3900; baseline 0 -18"><span class='ocrx_word' id='word_1_337' title='bbox 325 3844 426 3895; x_wconf 76' lang='lat' dir='ltr'><strong>eosque</strong></span> <span class='ocrx_word' id='word_1_338' title='bbox 442 3829 462 3882; x_wconf 84' lang='lat'><em>0</em></span> <span class='ocrx_word' id='word_1_339' title='bbox 477 3827 488 3897; x_wconf 75' lang='lat' dir='ltr'><strong>ll</strong></span> <span class='ocrx_word' id='word_1_340' title='bbox 506 3833 537 3882; x_wconf 86' lang='lat' dir='ltr'><strong>lb</strong></span> <span class='ocrx_word' id='word_1_341' title='bbox 556 3830 605 3882; x_wconf 88' lang='lat' dir='ltr'><strong>sed</strong></span> <span class='ocrx_word' id='word_1_342' title='bbox 620 3829 757 3895; x_wconf 80' lang='lat' dir='ltr'><strong>Goescbeo,</strong></span> <span class='ocrx_word' id='word_1_343' title='bbox 775 3831 835 3880; x_wconf 91' lang='lat' dir='ltr'><strong>sedi</strong></span> <span class='ocrx_word' id='word_1_344' title='bbox 850 3830 870 3882; x_wconf 82' lang='lat'><em>0</em></span> <span class='ocrx_word' id='word_1_345' title='bbox 886 3825 896 3896; x_wconf 88' lang='grc' dir='ltr'><strong>ΙΙ</strong></span> <span class='ocrx_word' id='word_1_346' title='bbox 914 3833 945 3880; x_wconf 80' lang='lat' dir='ltr'><strong>lb</strong></span> <span class='ocrx_word' id='word_1_347' title='bbox 964 3831 1130 3894; x_wconf 76' lang='lat' dir='ltr'><strong>iumsgiuem</strong></span> <span class='ocrx_word' id='word_1_348' title='bbox 1146 3831 1166 3883; x_wconf 79' lang='grc'><em>0</em></span> <span class='ocrx_word' id='word_1_349' title='bbox 1181 3829 1192 3900; x_wconf 91' lang='grc' dir='ltr'><strong>ΙΙ</strong></span> <span class='ocrx_word' id='word_1_350' title='bbox 1209 3835 1242 3882; x_wconf 71' lang='lat' dir='ltr'><strong>ab</strong></span> <span class='ocrx_word' id='word_1_351' title='bbox 1255 3833 1402 3884; x_wconf 75' lang='lat' dir='ltr'><strong>aduersum</strong></span> 
     </span>
     <span class='ocr_line' id='line_1_39' title="bbox 327 3896 1403 3968; baseline 0.001 -19"><span class='ocrx_word' id='word_1_352' title='bbox 327 3899 355 3962; x_wconf 81' lang='lat' dir='ltr'><strong>C,</strong></span> <span class='ocrx_word' id='word_1_353' title='bbox 373 3900 506 3952; x_wconf 88' lang='lat' dir='ltr'><strong>aduersus</strong></span> <span class='ocrx_word' id='word_1_354' title='bbox 519 3901 581 3951; x_wconf 79' lang='lat' dir='ltr'><strong>lest.</strong></span> <span class='ocrx_word' id='word_1_355' title='bbox 602 3899 777 3962; x_wconf 74' lang='lat' dir='ltr'><strong>(probabilius,</strong></span> <span class='ocrx_word' id='word_1_356' title='bbox 790 3899 858 3962; x_wconf 81' lang='lat' dir='ltr'><strong>coos.</strong></span> <span class='ocrx_word' id='word_1_357' title='bbox 876 3899 979 3962; x_wconf 57' lang='grc'><strong>04449.</strong></span> <span class='ocrx_word' id='word_1_358' title='bbox 991 3903 1043 3950; x_wconf 76' lang='grc'><strong>444</strong></span> <span class='ocrx_word' id='word_1_359' title='bbox 1061 3913 1129 3950; x_wconf 79' lang='lat' dir='ltr'><strong>cers.</strong></span> <span class='ocrx_word' id='word_1_360' title='bbox 1142 3901 1186 3962; x_wconf 77' lang='lat'><strong>29)</strong></span> <span class='ocrx_word' id='word_1_361' title='bbox 1205 3896 1214 3968; x_wconf 69' lang='lat' dir='ltr'>ss</span> <span class='ocrx_word' id='word_1_362' title='bbox 1232 3900 1403 3952; x_wconf 77' lang='lat' dir='ltr'><strong>deridebant</strong></span> 
     </span>
     <span class='ocr_line' id='line_1_40' title="bbox 327 3965 1402 4036; baseline 0.002 -18"><span class='ocrx_word' id='word_1_363' title='bbox 327 3968 468 4034; x_wconf 80' lang='lat' dir='ltr'><strong>Goescbcn,</strong></span> <span class='ocrx_word' id='word_1_364' title='bbox 496 3968 556 4020; x_wconf 87' lang='lat' dir='ltr'><strong>deri</strong></span> <span class='ocrx_word' id='word_1_365' title='bbox 575 3967 657 4020; x_wconf 88' lang='lat' dir='ltr'><strong>debet</strong></span> <span class='ocrx_word' id='word_1_366' title='bbox 677 3967 704 4033; x_wconf 82' lang='lat'><strong>0,</strong></span> <span class='ocrx_word' id='word_1_367' title='bbox 722 3968 803 4020; x_wconf 83' lang='lat' dir='ltr'><strong>detur</strong></span> <span class='ocrx_word' id='word_1_368' title='bbox 821 3965 979 4034; x_wconf 72' lang='grc'><strong>4444114444</strong></span> <span class='ocrx_word' id='word_1_369' title='bbox 1003 3967 1030 4032; x_wconf 81' lang='lat' dir='ltr'><strong>C,</strong></span> <span class='ocrx_word' id='word_1_370' title='bbox 1048 3968 1072 4018; x_wconf 85' lang='lat' dir='ltr'><strong>si</strong></span> <span class='ocrx_word' id='word_1_371' title='bbox 1090 3981 1145 4020; x_wconf 90' lang='lat' dir='ltr'><strong>uon</strong></span> <span class='ocrx_word' id='word_1_372' title='bbox 1163 3969 1225 4020; x_wconf 80' lang='grc'><strong>1444.</strong></span> <span class='ocrx_word' id='word_1_373' title='bbox 1247 3967 1258 4036; x_wconf 92' lang='grc' dir='ltr'><strong>ΙΙ</strong></span> <span class='ocrx_word' id='word_1_374' title='bbox 1279 3972 1311 4020; x_wconf 79' lang='lat' dir='ltr'><strong>at</strong></span> <span class='ocrx_word' id='word_1_375' title='bbox 1331 3969 1402 4020; x_wconf 87' lang='lat' dir='ltr'><strong>bona</strong></span> 
     </span>
     <span class='ocr_line' id='line_1_41' title="bbox 323 4032 1403 4102; baseline 0.006 -16"><span class='ocrx_word' id='word_1_376' title='bbox 323 4035 378 4087; x_wconf 82' lang='lat' dir='ltr'><strong>dds</strong></span> <span class='ocrx_word' id='word_1_377' title='bbox 396 4037 468 4099; x_wconf 78' lang='lat' dir='ltr'><strong>lost,</strong></span> <span class='ocrx_word' id='word_1_378' title='bbox 487 4036 560 4089; x_wconf 87' lang='lat' dir='ltr'><strong>bona</strong></span> <span class='ocrx_word' id='word_1_379' title='bbox 577 4037 632 4090; x_wconf 87' lang='lat' dir='ltr'><strong>fide</strong></span> <span class='ocrx_word' id='word_1_380' title='bbox 649 4037 692 4088; x_wconf 82' lang='lat' dir='ltr'><strong>cel</strong></span> <span class='ocrx_word' id='word_1_381' title='bbox 709 4037 799 4088; x_wconf 87' lang='lat' dir='ltr'><strong>boues</strong></span> <span class='ocrx_word' id='word_1_382' title='bbox 820 4036 883 4087; x_wconf 89' lang='lat' dir='ltr'><strong>fldei</strong></span> <span class='ocrx_word' id='word_1_383' title='bbox 902 4035 939 4088; x_wconf 52' lang='lat'><strong>¹0¹¹</strong></span> <span class='ocrx_word' id='word_1_384' title='bbox 964 4032 975 4102; x_wconf 87' lang='grc' dir='ltr'><strong>ΙΙ</strong></span> <span class='ocrx_word' id='word_1_385' title='bbox 1000 4037 1061 4088; x_wconf 91' lang='lat' dir='ltr'><strong>illut</strong></span> <span class='ocrx_word' id='word_1_386' title='bbox 1081 4036 1108 4101; x_wconf 79' lang='grc' dir='ltr'><strong>Ο,</strong></span> <span class='ocrx_word' id='word_1_387' title='bbox 1131 4037 1200 4088; x_wconf 88' lang='lat' dir='ltr'><strong>illud</strong></span> <span class='ocrx_word' id='word_1_388' title='bbox 1217 4041 1290 4089; x_wconf 87' lang='lat' dir='ltr'><strong>enim</strong></span> <span class='ocrx_word' id='word_1_389' title='bbox 1312 4036 1403 4098; x_wconf 67' lang='lat' dir='ltr'><strong>Isstcll</strong></span> 
     </span>
     <span class='ocr_line' id='line_1_42' title="bbox 325 4101 1401 4173; baseline 0.002 -19"><span class='ocrx_word' id='word_1_390' title='bbox 325 4107 357 4156; x_wconf 74' lang='lat'><strong>25</strong></span> <span class='ocrx_word' id='word_1_391' title='bbox 371 4105 541 4170; x_wconf 89' lang='lat' dir='ltr'><strong>subripueris</strong></span> <span class='ocrx_word' id='word_1_392' title='bbox 553 4107 690 4170; x_wconf 81' lang='lat' dir='ltr'><strong>Polencor,</strong></span> <span class='ocrx_word' id='word_1_393' title='bbox 709 4105 880 4170; x_wconf 89' lang='lat' dir='ltr'><strong>subripuisse</strong></span> <span class='ocrx_word' id='word_1_394' title='bbox 901 4101 996 4170; x_wconf 70' lang='grc'><strong>01148</strong></span> <span class='ocrx_word' id='word_1_395' title='bbox 1015 4106 1130 4170; x_wconf 86' lang='lat' dir='ltr'><strong>proinde</strong></span> <span class='ocrx_word' id='word_1_396' title='bbox 1149 4106 1286 4171; x_wconf 80' lang='lat' dir='ltr'><strong>Goescbon,</strong></span> <span class='ocrx_word' id='word_1_397' title='bbox 1304 4103 1401 4173; x_wconf 84' lang='lat' dir='ltr'><strong>prolui</strong></span> 
     </span>
     <span class='ocr_line' id='line_1_43' title="bbox 327 4171 1401 4241; baseline 0.006 -17"><span class='ocrx_word' id='word_1_398' title='bbox 327 4172 362 4224; x_wconf 75' lang='lat'><strong>6¹¹</strong></span> <span class='ocrx_word' id='word_1_399' title='bbox 387 4171 397 4240; x_wconf 80' lang='grc' dir='ltr'><strong>ΙΙ</strong></span> <span class='ocrx_word' id='word_1_400' title='bbox 421 4171 449 4241; x_wconf 83' lang='grc'><strong>()</strong></span> <span class='ocrx_word' id='word_1_401' title='bbox 466 4187 501 4224; x_wconf 77' lang='lat' dir='ltr'><strong>ecc</strong></span> <span class='ocrx_word' id='word_1_402' title='bbox 518 4175 577 4238; x_wconf 73' lang='lat' dir='ltr'><strong>Dtp.</strong></span> <span class='ocrx_word' id='word_1_403' title='bbox 596 4179 637 4239; x_wconf 88' lang='grc'><strong>44,</strong></span> <span class='ocrx_word' id='word_1_404' title='bbox 657 4179 680 4236; x_wconf 87' lang='grc'><strong>4,</strong></span> <span class='ocrx_word' id='word_1_405' title='bbox 698 4176 715 4224; x_wconf 90' lang='lat'><strong>&#39;7</strong></span> <span class='ocrx_word' id='word_1_406' title='bbox 733 4175 832 4224; x_wconf 81' lang='lat' dir='ltr'><strong>obdidit</strong></span> <span class='ocrx_word' id='word_1_407' title='bbox 851 4175 980 4226; x_wconf 84' lang='lat' dir='ltr'><strong>Goescbeo</strong></span> <span class='ocrx_word' id='word_1_408' title='bbox 1001 4171 1011 4234; x_wconf 73' lang='lat' dir='ltr'><strong>l</strong></span> <span class='ocrx_word' id='word_1_409' title='bbox 1034 4177 1065 4226; x_wconf 78' lang='lat' dir='ltr'><strong>bt</strong></span> <span class='ocrx_word' id='word_1_410' title='bbox 1085 4176 1162 4226; x_wconf 88' lang='lat' dir='ltr'><strong>tuum</strong></span> <span class='ocrx_word' id='word_1_411' title='bbox 1182 4175 1324 4240; x_wconf 73' lang='lat' dir='ltr'><strong>desectos,</strong></span> <span class='ocrx_word' id='word_1_412' title='bbox 1345 4182 1401 4230; x_wconf 81' lang='lat' dir='ltr'><strong>tam</strong></span> 
     </span>
     <span class='ocr_line' id='line_1_44' title="bbox 327 4238 933 4311; baseline 0 -18"><span class='ocrx_word' id='word_1_413' title='bbox 327 4238 419 4311; x_wconf 71' lang='lat' dir='ltr'><strong>Cibi</strong></span> <span class='ocrx_word' id='word_1_414' title='bbox 442 4244 552 4304; x_wconf 77' lang='lat' dir='ltr'><strong>argento</strong></span> <span class='ocrx_word' id='word_1_415' title='bbox 572 4242 709 4308; x_wconf 79' lang='lat' dir='ltr'><strong>Goescboo,</strong></span> <span class='ocrx_word' id='word_1_416' title='bbox 727 4247 885 4306; x_wconf 79' lang='lat' dir='ltr'><strong>argumento</strong></span> <span class='ocrx_word' id='word_1_417' title='bbox 907 4243 933 4296; x_wconf 81' lang='lat' dir='ltr'><strong>G.</strong></span> 
     </span>
    </p>
   </div>
   <div class='ocr_carea' id='block_1_5' title="bbox 0 0 1552 4860">
    <p class='ocr_par' dir='ltr' id='par_1_13' title="bbox 0 0 1552 4860">
     <span class='ocr_line' id='line_1_45' title="bbox 0 0 1552 4860; baseline 0 3"><span class='ocrx_word' id='word_1_418' title='bbox 0 0 1552 4860; x_wconf 95' lang='lat' dir='ltr'><strong> </strong></span> 
     </span>
    </p>
   </div>
  </div>
 </body>
</html>
