3190 4868
315 415 531 476 ursam-ees
640 465 644 472 ,
694 448 775 456 -
821 414 882 475 154
925 444 1012 455 ..-

241 607 302 668 440
401 604 517 665 Iniuria
540 609 646 664 autem
669 603 869 663 committitur
891 620 954 663 non
977 601 1081 663 solum
1104 619 1175 662 oum
1198 603 1269 681 quis
1289 618 1398 681 pugno

291 697 391 770 =puta
419 697 474 750 aut
502 689 585 749 fuste
614 705 786 766 percussus
815 687 869 749 uel
897 689 990 750 etiam
1021 685 1209 749 uerberatos
1233 687 1305 765 erit,
1339 685 1399 748 sed

316 778 410 836 etiem
437 776 463 836 si
493 775 543 834 oui
566 775 742 835 conuicium
765 774 881 835 factum
904 774 1013 852 fuerit,
1042 775 1111 835 siue
1141 775 1212 853 quis
1234 771 1319 833 hona
1341 771 1400 832 ali-

315 864 405 923 euius
429 862 520 940 quasi
544 859 694 922 debitoris
718 861 820 922 sciens
844 879 916 922 eum
931 859 1009 920 nihil
1025 859 1086 921 sihi
1102 858 1218 920 dehere
1238 861 1399 937 proscrip-

315 949 398 1026 serit,
428 949 496 1008 siue
525 948 595 1026 quis
619 947 659 1008 ad
682 947 841 1008 infamiam
864 946 997 1008 alicuius
1020 945 1166 1008 libellum
1190 952 1245 1006 aut
1271 957 1424 1005 carmena

315 1035 489 1112 scripserit,
515 1035 583 1094 siue
607 1034 678 1113 quis
701 1040 832 1094 matrem
855 1033 988 1094 familias
1011 1039 1065 1093 aut
1087 1038 1319 1112 praetextatum
1341 1029 1399 1091 ad-

242 1121 297 1182 444
315 1125 451 1180 sectatus
475 1119 578 1197 fuerit,
604 1126 634 1179 et
657 1118 795 1199 denique
818 1118 887 1180 aliis
901 1117 1050 1198 pluribus
1065 1117 1177 1180 modis.
1217 1119 1284 1178 Pati
1300 1123 1399 1177 autem

314 1206 459 1267 iniuriam
481 1205 629 1266 uidemur
655 1224 718 1266 non
742 1205 845 1266 solum
867 1223 925 1284 per
947 1213 1071 1266 nosmet
1092 1207 1192 1284 ipsae,
1222 1203 1279 1265 sed
1304 1204 1399 1264 etiam

314 1309 372 1370 per
393 1291 511 1353 liberos
534 1298 657 1353 nostros
681 1310 761 1372 quos
784 1293 815 1351 in
837 1297 991 1370 potestate
1013 1290 1186 1366 habemus;
1210 1285 1223 1370 11
1243 1289 1317 1350 item
1339 1306 1399 1368 per
1407 1309 1469 1361 pag.
1485 1299 1531 1344 isc

314 1395 431 1439 uxores
454 1385 588 1458 nostras,
613 1378 754 1458 quamuis
776 1379 808 1439 in
831 1395 926 1439 manu
948 1383 1055 1438 nostra
1070 1374 1164 1458 (oon)
1180 1377 1250 1437 sint.
1290 1377 1397 1455 itaque
1410 1385 1439 1430 lo

315 1465 340 1523 si
361 1462 452 1542 filiae
481 1482 570 1524 meae
599 1483 680 1544 quae
703 1465 780 1526 Titio
808 1471 908 1542 nupta
937 1471 984 1524 est
1011 1464 1156 1524 iniuriam
1179 1462 1305 1540 ieceriS,
1334 1479 1397 1522 non

315 1549 415 1610 solum
446 1547 528 1610 filiae
555 1552 680 1612 nomine
709 1557 814 1611 tecum
842 1552 892 1630 agi
920 1551 1105 1610 iniuriarum
1131 1555 1250 1628 potest,
1282 1565 1397 1608 uerum

242 1637 408 1697 4444444414
441 1655 511 1696 meo
546 1654 674 1716 quoque
709 1643 740 1697 et
772 1637 841 1697 Titii
874 1637 1006 1696 nomine.
1063 1637 1162 1698 Seruo
1197 1642 1303 1695 autem
1336 1635 1398 1712 ipsi

314 1722 440 1802 quidem
461 1721 549 1783 nulla
572 1723 685 1783 iniuria
707 1722 901 1803 intellegitur
923 1722 1001 1801 fieri,
1026 1721 1084 1783 sed
1107 1721 1232 1783 domino
1249 1739 1308 1799 per
1323 1738 1397 1780 eum

314 1809 382 1868 fieri
411 1807 553 1884 uidetur;
588 1826 649 1869 non
677 1815 782 1869 tamen
804 1807 906 1870 isdem
928 1807 1046 1888 modis,
1075 1807 1193 1888 quihus
1223 1808 1316 1868 etiam
1338 1819 1439 1884 peras

314 1893 431 1955 liberos
458 1901 582 1955 nostros
611 1894 666 1956 uel
688 1912 804 1954 uxores
826 1895 972 1955 iniuriam
994 1891 1059 1974 pa'ti
1082 1893 1243 1971 uidemur,
1273 1891 1332 1953 sed
1354 1893 1397 1952 ita

313 1998 386 2039 cum
409 1980 486 2060 quid
509 1982 645 2042 atrocius
669 1982 871 2041 commissum
893 1981 1002 2058 fuerit,
1033 1979 1120 2060 quod
1142 1985 1247 2058 aperte
1270 1979 1301 2038 in
1324 1995 1397 2037 oon-

313 2064 474 2126 tumeliam
498 2065 614 2127 domini
637 2067 705 2128 lieri
727 2066 869 2144 uidetur,
901 2066 1001 2128 ueluti
1024 2069 1050 2127 si
1074 2067 1145 2146 quis
1168 2064 1305 2126 alienum
1328 2081 1396 2124 ser-

313 2170 390 2212 uum
413 2151 647 2230 uerberauerit3
683 2160 714 2214 et
739 2155 771 2213 in
794 2153 878 2214 hunc
901 2170 1009 2213 casum
1032 2151 1167 2212 formula
1197 2151 1393 2230 proponitur.

313 2245 344 2297 at
377 2239 403 2298 si
437 2239 508 2318 quis
542 2257 635 2300 seruo
665 2239 841 2300 conuicium
871 2238 980 2299 fecerit
1008 2237 1062 2299 uel
1088 2255 1195 2318 pugno
1226 2255 1299 2297 eum
1321 2248 1437 2316 per-eo

313 2325 459 2404 cussarit,
491 2343 552 2385 non
579 2327 766 2404 proponitur
797 2325 863 2384 ulla
887 2323 1022 2385 formula
1048 2343 1107 2385 nec
1129 2330 1248 2384 temera
1277 2324 1395 2402 petenti

313 2410 415 2472 datur.
790 2421 792 2426 '

1344 2577 1396 2591 κΛΝ

380 2665 456 2726 §22⁰
476 2665 532 2717 iere
550 2687 582 2710 =
601 2669 664 2718 lnst.
685 2669 713 2727 4,
735 2669 758 2730 4,
778 2671 787 2714 4
814 2663 825 2731 11
846 2667 918 2728 §est
943 2664 1000 2715 lere
1018 2685 1049 2707 =
1069 2665 1133 2714 inst.
1154 2667 1177 2727 4,
1201 2667 1224 2726 4,
1246 2668 1260 2712 2
1284 2662 1293 2728 11
1315 2665 1394 2726 §222

312 2747 399 2798 usque
419 2735 453 2784 ad
472 2739 500 2783 at
520 2738 680 2797 percusserit
698 2734 753 2786 iere
772 2755 804 2778 =
823 2736 888 2785 inst.
908 2736 931 2794 4,
954 2736 976 2794 4,
999 2737 1022 2782 3.

383 2994 392 3036 4
417 2995 476 3040 onte
497 2992 512 3052 ξ
530 2993 578 3039 220
602 2993 763 3041 intercidisse
786 2993 863 3050 tatio,
888 2991 976 3051 quatio
999 2991 1120 3052 tepenter
1141 2991 1169 3039 ia
1187 2991 1248 3040 last.
1268 2992 1297 3052 4,·
1319 2992 1333 3039 4
1351 3002 1394 3053 pr.

315 3057 390 3118 (conf.
417 3057 477 3109 0444.
497 3065 528 3119 2,
549 3066 580 3118 5,
608 3058 642 3123 41,
673 3063 795 3120 opinator
824 3060 941 3109 Huschke
969 3056 979 3121 11
1009 3059 1188 3109 committitur
1219 3060 1288 3120 last,
1319 3071 1395 3107 eom·

313 3127 406 3174 mittit·
429 3124 455 3189 0,
474 3127 540 3188 conf.
563 3126 595 3177 04
611 3141 671 3190 pap.
688 3133 741 3178 50⁶
769 3126 780 3194 11
809 3132 824 3176 4
848 3127 919 3178 iuste
937 3139 1086 3193 percussus
1108 3127 1138 3189 0,
1159 3126 1279 3178 fustibus
1297 3139 1395 3177 caesus

314 3195 375 3245 last.
393 3189 402 3262 11
420 3195 582 3246 uerberatus
601 3197 671 3256 lost,
693 3196 874 3247 iube'ratusC
902 3194 912 3263 11
943 3198 1059 3246 setiam
1079 3197 1149 3256 lost,
1170 3193 1256 3246 et?G
1284 3191 1294 3262 11
1322 3195 1394 3245 hono

260 3302 262 3304 .
314 3265 383 3324 last,
404 3263 499 3314 uonO
527 3261 536 3328 11
567 3267 662 3314 teum
682 3265 749 3315 nihil
771 3265 802 3328 0,
828 3266 897 3315 nihil
916 3279 979 3316 eum
998 3267 1060 3315 lest.
1089 3263 1098 3332 11
1127 3265 1181 3315 sihi
1201 3265 1301 3316 dehere
1320 3265 1391 3326 last,

312 3333 365 3382 sibi
382 3332 485 3384 debere
503 3333 558 3382 sihi
579 3332 598 3382 0
621 3330 631 3398 11
654 3335 747 3384 tsine
769 3333 799 3398 0,
818 3335 863 3384 uel
882 3335 904 3385 si
924 3335 985 3384 lost.
1014 3331 1024 3400 11
1054 3338 1068 3384 t
1087 3333 1204 3385 familias
1223 3335 1292 3396 last,
1315 3333 1395 3383 iami-

313 3403 376 3452 liem
399 3399 444 3466 011
460 3404 657 3466 praetextatum
678 3401 706 3466 0,
726 3405 924 3468 praetextatum
942 3405 1173 3467 praetextatamue
1196 3400 1318 3468 Institi
1337 3404 1395 3466 pati

313 3473 404 3521 autem
426 3471 563 3533 Goescheo,
585 3472 692 3534 adpeti
712 3474 804 3522 autem
823 3474 920 3522 deceat
939 3473 1014 3533 last,
1034 3472 1123 3536 spatia
1144 3471 1163 3522 0
1184 3469 1193 3536 11
1217 3475 1247 3520 44
1267 3473 1395 3534 quamuis

312 3539 474 3601 Lachmann,
495 3553 519 3589 o·
540 3539 566 3603 (i.
587 3553 607 3589 4.
627 3537 719 3604 cumi)
742 3540 774 3605 C,
797 3543 879 3591 uerbo
902 3554 964 3590 cum
988 3542 1015 3590 in
1040 3553 1123 3590 manu
1141 3541 1234 3590 nostro
1253 3541 1308 3590 sint
1326 3545 1395 3589 tani-

312 3622 390 3670 44444
406 3611 534 3672 plessemo
557 3610 662 3669 conpellit
680 3610 822 3660 Mommsen
839 3607 849 3675 11
867 3613 959 3659 nostra
981 3605 1053 3675 (non)
1072 3609 1214 3672 Boeotiae,
1235 3611 1327 3658 nostra
1348 3606 1395 3672 011

313 3681 339 3725 44
364 3677 435 3728 filiae
455 3679 529 3741 last,
552 3678 651 3728 ueltiae
669 3678 740 3730 filiae
761 3675 807 3744 011
826 3681 856 3728 ta
876 3680 919 3742 agi
938 3679 1100 3728 iniuriarum
1121 3677 1147 3738 0,
1170 3679 1332 3729 iniuriarum
1351 3678 1395 3740 agi

314 3746 374 3795 last.
393 3745 403 3813 11
421 3743 517 3796 uerum
540 3745 567 3809 0,
587 3745 633 3796 sed
654 3744 742 3813 444411
765 3751 796 3796 43
816 3749 926 3797 nomine
945 3748 1015 3808 lest,
1035 3759 1135 3796 nomen
1156 3745 1175 3796 0
1197 3743 1207 3812 11
1229 3749 1261 3796 44
1281 3746 1394 3810 quidem

313 3814 384 3875 last,
409 3814 483 3879 quod
508 3815 528 3865 0
556 3813 566 3882 11
597 3815 728 3879 intellegit
750 3815 808 3866 lieri
834 3815 865 3875 0,
900 3815 960 3865 fieri
983 3815 1149 3878 intellegitur
1172 3816 1232 3864 lost.
1262 3810 1272 3881 11
1303 3818 1334 3865 44
1354 3818 1393 3866 ta·

313 3884 383 3947 men]
411 3885 475 3947 conf.
506 3883 538 3934 04
562 3897 623 3948 pop.
642 3889 694 3934 508
721 3899 789 3934 eers.
813 3890 828 3934 8
857 3881 867 3951 11
897 3888 929 3934 tc
951 3885 996 3934 uel
1022 3883 1053 3947 0,
1081 3887 1108 3933 44
1131 3885 1192 3933 last.
1222 3881 1233 3949 11
1263 3887 1293 3931 44
1318 3883 1394 3947 quod

316 3949 335 3999 0
357 3957 381 4001 44
404 3953 465 4004 last.
490 3955 587 4002 codices
616 3954 723 4018 etioeot,
755 3957 782 4002 et
811 3954 887 4017 quod
911 3955 1102 4003 Institutionum
1132 3954 1229 4002 codices
1259 3953 1305 4002 olii
1335 3965 1395 4001 cum

317 4019 449 4080 Theophilo
477 4018 487 4085 11
517 4025 609 4086 aperte
629 4022 707 4086 last,
726 4024 818 4086 aptam
840 4021 859 4072 0
887 4019 897 4088 11
926 4023 953 4071 in
975 4020 1001 4082 0,
1021 4020 1056 4070 44
1075 4022 1136 4071 lost.
1165 4017 1175 4086 11
1205 4024 1306 4070 44-48
1326 4034 1394 4070 oon-

313 4088 452 4137 tnmeliam
471 4090 545 4154 last,
569 4092 626 4140 tum
651 4091 732 4140 eliam
760 4089 779 4140 0
807 4085 817 4156 11
847 4095 878 4140 48
902 4089 961 4140 fieri
983 4089 1094 4140 uidetur
1114 4089 1148 4148 0,
1173 4091 1287 4153 respicit
1305 4091 1368 4140 lost.
1386 4088 1396 4154 11

313 4159 344 4204 444
365 4157 426 4218 quis
445 4158 518 4220 lest,
537 4159 583 4222 qui
604 4155 624 4206 0
645 4156 654 4224 11
678 4162 704 4207 at
728 4160 891 4222 proponitur
911 4159 1052 4223 Goesehea,
1070 4159 1199 4224 proponit
1219 4155 1239 4208 0
1259 4154 1269 4225 11
1291 4159 1393 4223 petenti

316 4223 455 4284 Goeseiten,
474 4227 578 4288 potenti
600 4224 625 4274 0.
