3084 4868
176 607 302 669 operam
331 586 408 650 dedi
435 589 467 648 in
495 605 754 650 mascaronem
782 588 843 652 auh
872 588 967 652 linem
996 589 1168 672 apographi
1189 591 1251 652 mei
1275 589 1355 672 (pag.

175 673 357 751 une-atet
386 676 470 754 typis
505 673 672 754 desoripto.
718 673 767 736 tu
800 676 885 754 huno
916 675 1013 754 igtur
1044 674 1182 738 indicem
1211 694 1269 740 eos
1301 679 1356 757 qui

174 768 280 824 nostra
303 759 440 822 editione
460 762 551 822 usuri
574 767 648 824 sunt
669 762 839 829 4444444444
862 763 1070 842 inapparatu
1097 763 1203 824 oritioo
1229 761 1358 843 delega-

175 849 281 909 uimus
309 845 424 908 additis
451 846 502 908 lie
529 845 653 908 uerbis.
687 845 761 926 conf
779 848 821 918 G*
835 866 935 928 pop..
992 863 1015 924 .;
1048 847 1184 910 ueluti}
1207 847 1227 926 ξ
1252 849 1292 910 lb
1314 849 1356 927 (iu

174 939 329 1014 apparata
358 933 463 994 orium
491 933 586 994 huius
613 932 756 996 editionis
785 950 858 1022 pag,
887 933 922 993 44
952 893 995 994 ad
1023 951 1153 996 uersum
1177 931 1228 1015 bii)
1255 934 1357 998 uerba

173 1027 337 1093 4444444444
358 1025 486 1078 &mbae
503 1025 667 1090 postecribit
685 1025 728 1092 0¹¹,
752 1027 817 1090 ooot.
839 1023 871 1079 0·
890 1039 952 1090 pao.
970 1031 1021 1081 28⁶
1047 1019 1233 1101 significant,
1261 1037 1356 1100 quam

174 1105 265 1166 facile
287 1104 356 1166 fieri
378 1105 515 1184 potuerit
536 1110 572 1166 ut
593 1121 650 1184 pro
669 1103 856 1184 praeseribit
869 1123 930 1184 per
938 1106 1117 1184 4444444444
1133 1105 1356 1186 compendium

173 1189 545 1269 exararatmportaeriba't,
557 1189 768 1252 intellectum
758 1193 804 1269 ui,
818 1208 846 1252 s1
837 1189 1284 1274 inmnrmillorormrn(pag.
1293 1193 1354 1253 286

173 1295 257 1340 uera.
271 1278 302 1336 4.
325 1273 357 1358 4)
367 1275 545 1338 simillimae
556 1278 823 1357 praepositionum
831 1284 901 1356 post
911 1285 943 1340 et
950 1295 1032 1357 prae
1040 1285 1132 1340 notae
1144 1278 1354 1342 conterantur.

259 1361 323 1424 Sed
345 1362 424 1424 haee
444 1361 580 1438 leuiora;
602 1362 658 1424 illa
672 1381 750 1424 uero
766 1364 883 1444 grauia,
908 1381 992 1444 quae
1006 1363 1048 1426 ad
1061 1363 1251 1445 glossemata
1265 1383 1356 1444 spee-

173 1456 252 1527 tant3
276 1448 316 1510 de
340 1447 459 1529 quibus
481 1448 652 1510 admodum
667 1448 789 1510 lubrica
805 1451 948 1530 quaestio
968 1457 1030 1512 est:
1053 1467 1127 1510 nam
1148 1468 1220 1512 eum
1235 1449 1356 1520 sobole-

173 1555 247 1597 rum
265 1536 299 1595 in
320 1551 414 1596 usum
438 1535 651 1596 institutiones
674 1538 839 1615 seripserit
860 1535 970 1614 Gaius,
993 1554 1100 1616 neque
1123 1537 1278 1616 eopiosior
1297 1553 1356 1600 ex-

172 1621 297 1702 plicatio
320 1619 449 1682 offendit
471 1639 576 1701 neque
597 1621 742 1684 eiusdem
765 1623 937 1684 sententiae
960 1623 1071 1682 iterate
1086 1623 1244 1702 repetiti03
1269 1621 1354 1700 alibi,

173 1708 229 1769 ubi
259 1709 368 1787 prucis
397 1707 506 1768 uerbis
532 1715 659 1786 praeter
686 1710 935 1786 expectationem
963 1709 1087 1770 insertis
1115 1709 1266 1770 sententie
1288 1715 1355 1772 tur-

172 1793 275 1871 betur,
300 1811 371 1854 cum
393 1794 427 1853 in
447 1792 529 1854 libro
548 1793 682 1854 Gmulta
705 1801 856 1856 commata
878 1800 974 1874 atque
997 1793 1077 1856 adeo
1092 1793 1233 1874 longiora
1255 1810 1356 1858 enun-

172 1883 247 1940 tiata
269 1879 469 1940 librariorum
490 1878 532 1940 ed
554 1879 649 1940 finem
671 1881 907 1960 properantium
930 1879 1029 1942 oeulis
1052 1882 1171 1944 emissa
1189 1898 1260 1942 esse
1282 1898 1355 1942 oon-

172 1973 248 2044 stet,
276 1965 422 2045 plerique
444 1983 485 2026 ex
507 1967 552 2026 eis
576 1967 652 2026 uiris
677 1965 788 2046 doctis,
817 1968 872 2046 qui
895 1965 1006 2028 Gaium
1029 1965 1210 2046 ediderunt,
1234 1966 1355 2029 malue-

172 2059 247 2113 runt
280 2050 322 2113 de
357 2050 586 2130 supplementis
619 2051 659 2112 ad
693 2053 864 2114 orationem
898 2051 1046 2114 Gaiauam
1078 2051 1355 2132 redintegrandam

171 2137 385 2200 edeeisoendis
409 2139 553 2216 rogitare,
574 2143 668 2217 atque
691 2139 800 2217 peuois
823 2136 935 2218 glossis
958 2137 1097 2200 codicem
1122 2139 1354 2219 Ginquinatum

171 2243 243 2287 esse
266 2231 466 2284 censuerunt
511 2224 592 2284 Sane
614 2241 676 2283 non
699 2225 791 2286 nimis
818 2241 918 2302 pauoe
945 2243 981 2285 aa
1008 2224 1102 2303 plura
1128 2243 1224 2304 quam
1246 2243 1287 2285 ex
1309 2225 1354 2286 eis

172 2317 337 2390 expertes,
369 2325 450 2390 quae
473 2310 505 2369 in
527 2310 678 2388 prooemii
700 2309 880 2390 apographo
904 2328 972 2370 meo
995 2312 1160 2389 praemissi
1182 2312 1296 2391 pagina
1317 2329 1355 2372 xx

170 2397 360 2459 breuissime
384 2394 461 2474 dixi,
496 2396 528 2456 in
546 2394 664 2456 librum
687 2395 712 2454 *0
732 2396 899 2474 irrepsisse
923 2395 1112 2477 glossemate
1134 2399 1176 2476 is,
1206 2398 1260 2476 qui
1284 2394 1355 2456 dili·

170 2485 295 2564 gentius
322 2483 460 2542 animum
489 2481 648 2560 aduertet,
683 2499 753 2542 oum
788 2482 1012 2544 sententiarum
1039 2497 1162 2544 444444
1189 2481 1355 2542 docebitur

168 2577 237 2630 tum
259 2569 491 2630 Institutionum
513 2568 755 2628 Iustinianarum
778 2569 1017 2646 comparatione,
1042 2585 1124 2648 quae
1146 2569 1179 2628 in
1193 2566 1354 2628 nonnullis

168 2655 246 2716 loeis
270 2674 310 2716 ex
332 2653 406 2714 Gaio
428 2653 548 2715 haustis
570 2661 655 2714 reete
683 2653 878 2734 glossematis
906 2652 967 2714 illis
996 2661 1111 2714 carent.
1157 2654 1241 2716 Haeo
1262 2652 1355 2715 adul-

168 2744 271 2802 terina
300 2739 512 2801 additamenta
545 2739 699 2820 pleraque
733 2739 865 2820 singulis
897 2739 951 2800 uel
984 2741 1092 2819 pauois
1125 2739 1234 2802 uerbis
1268 2757 1353 2802 oom-

167 2829 327 2908 prebensa
348 2833 430 2904 sunt,
455 2824 572 2906 quibus
596 2825 788 2906 glossatores
810 2827 981 2905 praecipue
996 2832 1051 2887 aut
1064 2825 1238 2888 uerborum
1254 2833 1355 2886 strue·

168 2923 273 2974 turam
301 2911 453 2973 adiuuare
481 2919 535 2972 aut
561 2914 734 2974 sententiae
764 2911 815 2973 uel
841 2911 990 2974 uoeabuli
1012 2911 1143 2972 alieuius
1166 2914 1232 2974 uim
1253 2911 1355 2992 expli·

168 3018 243 3060 oare
266 2998 467 3073 studuerant3
492 2997 645 3076 exemplis
668 3017 686 3058 a
707 3017 758 3059 me
780 3000 812 3058 in
830 2998 866 3057 0ὃ
880 2997 900 3058 l.
917 2997 938 3058 1.
963 2997 1102 3060 eolleotis
1125 2998 1208 3060 faoili
1231 2999 1354 3079 negotio

167 3085 230 3146 elia
252 3083 397 3164 exempla
419 3102 459 3144 ex
480 3084 538 3144 hao
561 3083 696 3145 editione
712 3086 782 3163 ipsa
797 3083 911 3159 addas3
936 3082 1124 3164 glossemate
1144 3085 1226 3146 enim
1242 3085 1353 3162 omnia,

167 3173 230 3232 nisi
252 3189 334 3251 quae
356 3171 389 3230 in
411 3176 597 3248 apparatum
624 3171 764 3232 oritioum
792 3170 1006 3250 relegauimus
1014 3166 1050 3250 ⁷),
1080 3171 1113 3230 in
1139 3171 1207 3249 ipso
1238 3169 1356 3230 uerbo·

168 3276 243 3318 rum
268 3257 456 3318 Gaianorum
486 3263 634 3316 contextu
660 3256 708 3317 his
735 3257 857 3318 unoinie
884 3253 914 3337 [l
935 3257 1122 3335 saepsimus,
1157 3255 1236 3318 cont.
1266 3273 1294 3316 e.
1325 3273 1353 3334 g.

168 3343 236 3422 414
259 3343 298 3402 94
323 3350 379 3403 ete.
405 3340 503 3419 eto.⁸).
549 3342 652 3403 Potest
674 3359 749 3402 sane
772 3342 839 3404 fieri
864 3350 899 3404 ut
920 3341 1013 3421 plura
1036 3360 1131 3422 quam
1153 3343 1185 3402 in
1208 3342 1266 3404 hae
1288 3339 1356 3401 edi·

175 3481 326 3489 ..ι--ο--ι-

241 3533 263 3594 i)
282 3532 385 3582 Paucas
408 3532 468 3581 llles
492 3533 573 3594 atque
599 3543 632 3580 ex
649 3535 727 3594 perte
745 3533 851 3595 ineptas
870 3531 1006 3596 rubricas,
1031 3545 1099 3594 quas
1117 3532 1145 3580 in
1165 3529 1229 3578 libri
1247 3531 1259 3578 l
1277 3529 1355 3580 initio

170 3601 211 3664 (55
231 3605 254 3649 4.
274 3603 297 3649 8.
317 3605 340 3649 9.
360 3603 400 3649 43.
420 3603 460 3648 44.
481 3603 519 3649 48.
540 3603 580 3648 20.
600 3599 641 3660 28)
666 3600 787 3650 secunda
810 3613 907 3650 manus
932 3596 981 3663 (0²)
1006 3601 1033 3648 et
1055 3599 1121 3650 alibi
1142 3599 1243 3664 passim
1267 3599 1357 3662 prima

169 3681 270 3719 manus
294 3669 346 3731 (uel
372 3667 531 3730 rubricator)
557 3667 663 3718 addidit
686 3668 706 3732 (Ι
724 3668 740 3729 5
757 3671 830 3730 466²;
858 3668 968 3730 11580.
988 3672 1045 3718 449.
1066 3671 1122 3718 tut.
1142 3670 1200 3716 494,
1219 3669 1277 3716 nti.
1297 3671 1355 3718 444.

170 3742 235 3802 445ς
260 3737 295 3787 Ill
314 3737 329 3798 ς
349 3739 455 3786 tte-
478 3738 547 3787 aliae
571 3736 700 3788 rubricae
718 3749 791 3786 nune
815 3737 866 3799 legi
885 3739 1033 3801 nequeunt,
1060 3735 1132 3787 cont
1153 3735 1185 3786 C*
1204 3747 1263 3800 pag.
1278 3751 1356 3786 nrm

171 3806 251 3871 seq),
275 3819 444 3869 quamquem
467 3819 522 3856 nou
540 3805 575 3855 ab
600 3805 742 3868 ipsoGaio
764 3807 958 3869 scriptaaesse
977 3807 1096 3870 constat,
1121 3805 1260 3857 intrabas
1278 3807 1356 3857 nnoi-

171 3888 223 3926 nos
239 3871 271 3942 []
289 3876 346 3924 suis
365 3875 433 3924 locis
451 3875 504 3924 ln'
497 3887 557 3939 ipso
575 3873 724 3924 uerborum
738 3875 903 3926 Gaianorum
922 3875 1059 3938 oontextu,
1077 3875 1109 3924 ut
1126 3873 1262 3925 lectorum
1282 3887 1356 3926 oom-

172 3943 256 3995 modo
275 3944 489 4008 consuleremus,
508 3943 681 3994 retinuimus.

243 4011 265 4074 8]
284 4012 424 4062 Facillime
447 4025 479 4062 ea
503 4012 671 4092 glossemata
686 4011 935 4076 deprehenduntur,
960 4024 1031 4075 quae
1054 4011 1159 4066 codicis
1179 4010 1358 4066 Goorreotor

171 4080 264 4144 (nobis
284 4077 323 4143 02]
341 4082 444 4131 temere
462 4095 495 4131 ex
511 4093 562 4130 suo
581 4081 690 4144 ingenio
709 4080 823 4132 adiecit:
841 4094 874 4130 ee
891 4090 947 4130 non
965 4079 1048 4131 modo
1066 4087 1276 4144 superuacanea,
1291 4083 1359 4131 sunt

172 4151 223 4212 (sio
235 4149 341 4201 indicae
354 4151 381 4200 et
393 4151 554 4214 argumente
565 4149 816 4214 paragraphorum),
835 4149 886 4200 sed
904 4159 937 4200 ax
948 4151 1026 4214 parte
1042 4162 1093 4214 per
1105 4151 1256 4202 4444444444
1274 4151 1356 4202 ratio·

178 4231 241 4268 nem
260 4231 295 4268 ne
313 4217 378 4269 terri
396 4218 509 4282 quidam
527 4220 649 4283 possunt
