3084 4868
291 1227 545 1313 PRAEFATIO
573 1227 796 1314 svnsllfl
821 1227 1112 1315 srvbsuvuo.

654 1456 756 1464 ..-

200 1629 314 1729 Crisis
346 1662 379 1722 in
406 1661 462 1723 Gai
491 1661 740 1726 Institutionibus
770 1660 947 1727 exercenda
973 1661 1091 1742 pendet
1122 1664 1293 1746 praecipue

105 1755 137 1809 et
157 1765 178 1809 a
202 1748 314 1812 codice
340 1749 512 1810 Veronensi
539 1747 639 1828 (nobis
664 1749 695 1829 0)
727 1747 853 1810 saeculo
881 1767 912 1828 p.
941 1747 1010 1812 chr.
1040 1768 1071 1810 n.
1098 1752 1206 1832 quinto
1238 1751 1293 1812 uel

106 1841 195 1896 sexto
220 1836 340 1914 scripto
364 1842 395 1895 et
417 1833 456 1895 ab
476 1836 650 1916 'excerptis
679 1853 760 1916 quae
787 1837 819 1902 in
842 1835 1003 1896 Iustiniani
1024 1836 1158 1918 Digestis
1185 1844 1216 1899 et
1242 1838 1294 1898 ln-

105 1921 326 1983 stitutionibus
348 1920 513 2001 leguntur;
536 1920 690 1986 accedunt
711 1923 831 1982 minora
853 1921 1028 2002 fragmenta
1042 1922 1159 1984 Gaiana
1180 1926 1294 2004 partim

105 2009 136 2068 in
169 2008 246 2070 aliis
278 2007 354 2068 iuris
382 2006 620 2073 collectionibus
648 2009 761 2110 partim
790 2006 875 2087 apud
906 2011 1123 2088 grammaticos
1157 2017 1293 2088 seruata,

106 2111 188 2174 quae
219 2094 423 2164 enumerauit
448 2089 581 2154 Adolfus
609 2093 786 2156 Frrdericus
815 2092 947 2154 Rudorff
973 2095 1005 2154 in
1031 2097 1295 2157 commentationi·

105 2177 166 2241 bus
190 2181 303 2262 regiae
324 2177 504 2241 academiae
528 2181 729 2243 scientiarum
757 2179 964 2242 Berolinensis
992 2198 1018 2241 a.
1049 2200 1201 2248 mecenas
1221 2201 1292 2264 pag.

190 2285 321 2422 dbddcb
347 2351 536 2414 Veronensis
563 2352 707 2432 rescripti
736 2351 777 2433 (in
807 2349 998 2413 bibliothece
1026 2353 1191 2432 capitulari
1221 2352 1295 2425 olim

104 2456 244 2501 numero
266 2437 321 2500 XV
341 2455 426 2498 nunc
450 2438 487 2496 le
512 2434 634 2520 signati)
660 2437 821 2518 reliquias,
850 2444 1005 2520 quotquot
1030 2438 1137 2520 legere
1165 2441 1194 2500 ei
1220 2458 1297 2500 con·

103 2525 179 2604 tigit,
204 2525 333 2604 primus
356 2521 524 2603 descripsit
550 2523 703 2586 lohannes
718 2523 896 2586 Friderious
925 2523 1103 2586 Ludouicus
1132 2525 1294 2587 Goeschen

104 2609 338 2692 opitulantibus
351 2607 544 2671 Immanuele
559 2609 683 2674 bekker
698 2617 728 2671 et
743 2611 888 2674 Mauricio
900 2607 1042 2692 Augusto
1055 2609 1095 2674 de
1107 2612 1296 2672 bethmann-

103 2695 264 2781 llollweg.
303 2695 367 2755 Hoc
389 2695 578 2776 apographo,
602 2695 688 2778 quod
703 2703 813 2776 postea
827 2697 944 2776 passim
965 2696 1145 2758 emendauit
1159 2697 1295 2758 Frideri·

103 2800 157 2852 cus
180 2781 332 2860 Bluhme‚
360 2799 468 2842 omnes
496 2799 578 2864 quae
607 2790 679 2843 ante
702 2801 818 2852 annum
843 2780 923 2841 lslt
953 2781 1073 2862 publici
1094 2785 1171 2845 iuris
1195 2784 1294 2845 iactae

104 2875 176 2929 sunt
200 2867 360 2930 editiones
383 2867 439 2929 Gai
461 2869 612 2929 nituntur.
651 2868 728 2932 (ium
750 2876 880 2950 propter
901 2869 1116 2948 imperfectam
1139 2869 1254 2932 codicis
1273 2869 1296 2930 0

103 2953 277 3016 lectionem
298 2952 457 3033 permulta
480 2953 696 3016 emendatione
720 2962 850 3036 egerent
873 2962 903 3016 et
925 2954 1015 3016 multi
1037 2957 1097 3016 uiri
1118 2954 1200 3017 docti
1222 2957 1296 3018 huic

104 3059 241 3120 operam
264 3039 384 3119 darent,
409 3057 501 3102 nemo
517 3041 699 3102 Goesehcno
715 3048 769 3102 aut
784 3039 974 3102 concludere
991 3041 1138 3102 subtilius
1154 3050 1209 3103 aut
1222 3061 1296 3121 pro·

104 3125 179 3189 bare
192 3127 304 3188 acrius
316 3127 509 3188 coniecturas
523 3129 640 3206 potuit;
655 3130 797 3208 proxime
814 3127 855 3188 ad
870 3128 953 3188 hunc
968 3127 1088 3202 accedit
1105 3129 1152 3188 uir
1168 3127 1208 3199 de
1220 3127 1294 3189 Gaio

103 3221 174 3293 post
203 3212 429 3283 Goeschenum
459 3214 575 3294 optime
602 3215 732 3274 meritus
759 3213 921 3294 Philippus
944 3211 1114 3275 Eduardus
1137 3214 1293 3276 Huschke.

188 3299 321 3360 Nouum
344 3297 458 3360 codicis
484 3299 743 3380 Gapographum
768 3301 836 3382 ipse
864 3299 952 3360 annis
978 3300 1069 3361 1866.
1096 3297 1187 3360 4867.
1213 3301 1294 3359 lues

103 3385 255 3446 Veronae
278 3385 397 3445 conieci
420 3392 451 3446 et
472 3386 563 3446 iussu
585 3385 764 3446 academiae
779 3387 884 3468 regiae
900 3386 1100 3454 scientiarum
1115 3385 1296 3448 Berolinen-

104 3471 145 3531 sis
169 3473 214 3531 ita
245 3478 390 3535 ornatum
413 3469 499 3532 edidi
522 3489 602 3531 anno
628 3470 720 3550 l87l,
744 3479 780 3532 ut
801 3473 925 3535 ueritati
939 3473 1114 3552 proximam
1129 3473 1296 3552 imaginem

103 3555 261 3618 redderet
269 3554 300 3634 ¹).
340 3557 375 3616 ln
389 3559 548 3636 prooemio
564 3558 637 3618 huie
651 3558 840 3638 apographo,
865 3558 951 3638 quod
969 3559 1006 3618 0⁸
1019 3565 1093 3618 nota
1108 3555 1297 3638 significabi-

104 3661 185 3722 mus,
201 3643 383 3723 praemisso
400 3642 440 3704 de
461 3643 531 3704 fatis
553 3651 585 3704 et
600 3643 781 3705 condicione
797 3643 912 3704 codicis
930 3644 1030 3704 Gtam
1045 3645 1170 3722 copiose
1186 3645 1246 3724 egi,
1259 3649 1297 3704 ut

105 3727 153 3790 hic
175 3729 292 3809 paucis
316 3747 353 3790 ea
376 3728 545 3792 absoluere
567 3729 669 3809 liceat,
693 3747 775 3810 quae
798 3729 839 3798 ad
861 3729 980 3796 librum
995 3731 1209 3800 veronensem.
1223 3747 1297 3808 per-

106 3816 214 3876 tinent.
263 3815 335 3892 lpse
357 3814 511 3896 pleraque
534 3835 574 3876 ex
596 3818 652 3895 eis,
675 3833 757 3896 quae
780 3823 852 3876 ante
874 3834 925 3876 me
940 3815 1103 3877 Goeschen
1118 3821 1150 3876 et
1164 3815 1296 3877 bluhme

1145 3954 1297 3964 -ψ-ι-

174 4019 199 4082 t)
221 3997 299 4070 »deii
312 4019 516 4073 Institutionum
531 4021 722 4076 commentaris
740 4023 875 4084 quattuor.
904 4019 1012 4074 socies
1024 4020 1187 4078 Veronensis
1206 4021 1296 4074 denuo

105 4088 200 4140 collati
226 4088 413 4153 rpoursphum
436 4087 553 4142 coniecit
571 4090 598 4140 et
615 4090 694 4142 iussu
716 4089 880 4153 academiae,
891 4089 982 4154 regiae
999 4090 1176 4144 scientiarum
1195 4086 1296 4148 serolt-

105 4156 311 4276 peuqbthcdidit
322 4156 472 4212 Guilelmus
485 4157 663 4211 Studemund.
691 4159 797 4218 ernust
807 4159 914 4225 Lipsiae
933 4159 1007 4224 spssl
1019 4159 1192 4214 wemmam
1205 4157 1295 4214 llirssl

123 4262 128 4273 .
221 4243 244 4274 ,ί
437 4271 441 4278 ,
1097 4275 1099 4280 ,
