3084 4868
555 427 641 438 —-
683 412 854 456 vti-—

119 603 167 646 me
190 585 316 665 angitue
339 584 540 645 conscientia:
568 601 644 644 sane
665 600 823 662 nusquam
846 583 1009 662 grauiores
1032 582 1122 646 labes
1145 592 1299 652 contraxit

119 670 218 732 codex
228 672 260 732 in
272 672 317 732 eis
333 669 421 750 locis,
437 687 517 750 quos
531 670 591 730 hoc
601 668 741 731 remedio
757 668 829 730 olim
843 676 1087 748 temptaueram;
1104 670 1198 734 huius
1215 677 1298 736 enim

118 776 176 837 ope
198 764 358 837 tamquam
379 756 453 818 uelo
477 755 616 818 detracto
637 755 777 816 nudatur
796 757 925 835 antiqua
941 757 1104 840 scriptura,
1120 757 1296 842 eademque

116 845 196 904 intra
212 845 361 923 exiguum
376 849 502 922 tempus
515 842 619 904 denuo
631 843 771 920 operitur
782 843 855 903 etin
867 848 994 902 ueteres
1006 841 1155 906 tenebras
1174 845 1298 909 demer-

117 931 208 1010 gitur.
243 929 355 992 Contra
378 947 440 989 non
461 930 555 1008 pauci
577 947 618 989 ex
639 929 684 988 eis
707 928 793 1007 locis,
817 926 858 988 ad
881 945 961 1007 quos
976 927 1126 1009 legendos
1142 931 1216 992 olim
1231 933 1300 995 len-

116 1017 194 1077 tiore
219 1017 249 1076 ui
271 1013 345 1074 kalii
360 1014 537 1094 sulphurati
552 1031 629 1076 usus
646 1013 769 1092 eremi),
787 1031 867 1073 anno
885 1011 967 1074 4878
984 1023 1015 1074 et
1030 1033 1110 1076 anno
1128 1016 1208 1078 i883
1225 1019 1301 1082 iaci·

116 1101 177 1163 lius
200 1120 236 1161 ac
257 1100 383 1180 plenius
407 1100 469 1180 legi
490 1107 661 1180 potuerunt
683 1118 778 1180 quam
801 1118 882 1160 anno
906 1100 999 1160 ⁴868.
1049 1101 1159 1182 ltaque
1185 1108 1299 1168 acriter

114 1189 232 1249 intenta
244 1186 408 1248 oculorum
420 1188 485 1247 acie
496 1185 718 1247 nonnullorum
730 1186 871 1246 locorum
884 1185 1122 1265 desperatorum
1134 1188 1299 1254 lectionem

114 1275 296 1354 nuperrime
311 1273 465 1352 perficere
480 1275 576 1352 potui,
600 1274 632 1332 in
648 1272 716 1334 aliis
732 1271 765 1332 id
781 1279 865 1333 certe
882 1271 1061 1334 discernere
1076 1277 1176 1356 potui,
1193 1285 1299 1340 utrum

115 1359 148 1420 id
180 1358 268 1440 quod
290 1365 345 1420 aut
367 1377 385 1419 a
407 1359 497 1420 nobis
520 1367 575 1420 aut
605 1356 645 1419 ab
676 1358 745 1419 aliis
771 1359 849 1419 uiris
879 1356 1007 1439 doctis4)
1030 1359 1202 1423 diuinando
1225 1383 1300 1426 con·

115 1447 231 1507 iectum
260 1452 360 1525 esset,
394 1446 425 1506 in
457 1444 562 1506 codice
590 1451 697 1505 extare
726 1446 864 1524 potuerit
891 1463 1000 1506 necne.
1046 1444 1150 1527 Atque
1178 1451 1298 1512 utinam

116 1533 244 1611 saepius
266 1533 464 1592 coniecturae
486 1539 531 1591 tot
553 1531 717 1592 laboribus
745 1533 936 1611 excogitatae
964 1529 1071 1592 codice
1099 1535 1298 1600 confirmatae

116 1617 237 1679 essenti
261 1615 301 1678 dt
323 1635 514 1698 quamquam
538 1637 595 1698 ego
619 1625 650 1678 et
664 1617 808 1698 Krueger
823 1616 982 1696 aliquanto
999 1619 1119 1680 cautius
1135 1619 1298 1703 plerisque

116 1685 235 1783 eoru‘m,
260 1705 314 1784 qui
336 1709 407 1764 ante
430 1721 487 1764 nos
511 1703 551 1765 ad
566 1703 676 1765 Gaium
693 1703 926 1764 emendandum
942 1712 1148 1785 accesserant,
1171 1707 1204 1768 in
1219 1707 1296 1771 locis

114 1789 272 1852 lacunosis
296 1791 390 1850 crisin
412 1789 632 1868 iactitauimus‚
659 1791 769 1869 paucis
791 1789 867 1850 locis
889 1791 994 1868 ipsum
1016 1789 1204 1854 Gaianorum
1229 1813 1301 1856 uer-

114 1876 228 1937 borum
252 1881 431 1936 contextum
460 1875 640 1936 coniciendo
666 1877 936 1954 recuperauimus.
981 1873 1089 1938 Artem
1119 1879 1214 1958 igitur
1242 1900 1301 1943 ne-

115 1962 234 2024 sciendi
257 1961 356 2023 multo
379 1963 472 2022 etiam
494 1961 618 2040 fortine,
655 1979 749 2041 quam
773 1980 791 2022 a
816 1961 908 2023 nobis
931 1961 1010 2023 adeo
1033 1963 1150 2024 factum
1173 1972 1236 2048 est,
1267 1971 1300 2028 in

114 2049 256 2110 futurum
285 2046 493 2110 exercendam
523 2065 593 2109 esse
620 2047 695 2107 mihi
722 2055 850 2109 constet.
896 2048 952 2111 Cui
982 2047 1183 2112 admonitioni
1210 2053 1299 2115 nefas

115 2136 153 2196 sit
182 2136 212 2196 si
241 2135 313 2215 quis
339 2151 451 2212 parere
480 2132 566 2194 nolit.
615 2135 742 2194 Discunt
775 2135 870 2214 igitur
897 2134 1038 2196 homiues
1072 2135 1155 2198 docti
1187 2157 1228 2200 ex
1254 2141 1299 2201 eis

114 2219 362 2283 correctionibus
379 2219 674 2300 additamentisque‚
695 2237 777 2299 quae
793 2219 867 2281 inde
883 2237 901 2279 a
915 2221 1030 2301 pagina
1044 2240 1105 2282 xvu
1120 2223 1216 2284 huius
1232 2225 1300 2286 edi·

113 2309 204 2370 tionis
230 2325 314 2368 ame
337 2307 507 2385 composite
529 2313 611 2384 sunt,
636 2323 732 2385 quam
754 2305 851 2366 fallax
871 2307 911 2366 sit
930 2307 1171 2386 ingeniosissimi
1193 2312 1299 2372 cuius·

114 2413 174 2474 que
206 2394 343 2473 opinatio
373 2391 552 2454 diuinatrix.
608 2391 755 2454 Ceterum
781 2392 860 2454 haec
888 2410 1016 2472 quoque
1046 2394 1157 2454 iterata
1183 2395 1299 2460 codicis

114 2481 305 2541 Veronensis
332 2478 423 2539 lectio
450 2479 525 2539 mibi
553 2479 643 2539 statio
667 2484 723 2557 est,
758 2496 820 2538 non
848 2484 973 2557 portus3
1006 2497 1101 2558 quam
1129 2481 1300 2545 emendare

113 2565 222 2644 uelim,
247 2567 274 2626 si
295 2565 371 2626 mihi
393 2564 491 2624 fatum
514 2564 673 2646 largiatur,
696 2565 779 2624 utin
794 2564 914 2624 ltaliam
929 2572 1089 2641 reuertar3
1112 2584 1184 2627 nam
1200 2567 1299 2630 libros

113 2653 284 2731 rescriptos
305 2649 579 2731 perscrutantibus
602 2648 729 2711 difficile
752 2657 800 2712 est
822 2650 862 2711 ab
884 2651 1007 2729 incepto
1022 2650 1132 2713 labore
1147 2669 1181 2714 se
1197 2653 1301 2716 abdu-

114 2757 193 2818 cere,
209 2737 368 2818 siquidem
377 2753 450 2816 spes
463 2755 552 2816 spem
564 2738 688 2815 excitat,
700 2735 952 2816 quotienscodex
963 2737 1111 2799 inmanus
1118 2741 1298 2803 resumitur.

115 2859 269 2868 ——-—-——

183 2911 207 2972 3)
227 2908 302 2960 Coni.
324 2909 357 2958 C*
373 2921 495 2973 prooem.
513 2922 574 2972 pag.
585 2922 644 2958 xvu.

183 2978 208 3042 t)
227 2978 340 3028 interim
359 2978 407 3028 Gai
425 2977 632 3027 Institutionum
657 2975 742 3026 libros
768 2990 832 3028 cum
856 2978 901 3027 alii
925 2977 1072 3028 ediderunt
1096 2981 1154 3030 tum
1173 2979 1302 3033 Huschke

117 3045 230 3112 (Lipsiae
254 3061 277 3097 a.
297 3044 386 3110 ists),
411 3047 490 3096 cuius
513 3045 698 3097 uenerabilem
722 3047 890 3097 senectutem
913 3044 976 3096 ielix
999 3047 1060 3112 illa,
1085 3061 1154 3112 quae
1172 3049 1301 3100 iuuenem

116 3118 269 3180 ornauerat,
291 3116 393 3178 ingenii
410 3114 521 3164 ubertas
540 3116 694 3178 comitatur,
713 3117 740 3164 et
758 3115 889 3166 Polenaar
907 3115 1079 3180 (›syntagma
1096 3117 1302 3170 Institutionum

117 3197 228 3237 nouum.
261 3185 310 3234 (iai
327 3185 512 3234 institutiones
531 3185 598 3233 iuris
616 3184 707 3234 ciuilis
726 3186 801 3234 iiom.
820 3184 972 3235 secundum
992 3184 1119 3235 Guilelmi
1132 3187 1302 3239 studemund

116 3253 174 3304 cod.
194 3255 258 3304 Ver.
278 3253 452 3303 collationem
470 3252 542 3303 cdid.
561 3253 667 3302 emend.
687 3254 811 3316 notisque
829 3254 985 3318 illustrauit,
1007 3255 1140 3320 appositis
1158 3257 1301 3308 iustiniani

116 3321 352 3386 institutionibus,
377 3323 411 3371 iis
430 3321 541 3384 quidem
560 3336 593 3371 ex
611 3321 769 3370 recensione
787 3322 863 3372 Pauli
881 3321 1002 3385 Krueger
1020 3321 1076 3372 iere
1094 3325 1229 3389 repetitis,
1247 3328 1299 3376 etc.

115 3389 143 3440 B.
163 3392 182 3441 1.
202 3391 349 3455 Poleour,
374 3390 424 3440 litt.
446 3391 521 3441 hum.
546 3392 573 3439 et
594 3391 646 3440 iur.
670 3394 722 3440 utr.
747 3390 787 3440 dr.
806 3391 930 3454 Lugduni
948 3391 1112 3442 Batauorum
1135 3393 1210 3456 apud
1233 3393 1262 3445 E.
1281 3393 1302 3445 1.

116 3459 190 3510 Brill.
211 3458 417 3522 istu—4879‹).
455 3459 538 3509 Cuius
561 3460 614 3508 uiri
637 3459 788 3509 doctissimi
811 3463 842 3509 ut
865 3472 980 3510 acumen
999 3460 1101 3524 ingenii
1120 3461 1301 3528 agnoscimus,

116 3529 152 3578 ita
178 3529 326 3580 audaciam
352 3531 378 3577 et
396 3527 563 3578 celeritatem
585 3529 613 3577 iu
632 3527 804 3578 emendando
828 3542 910 3593 opere
929 3530 1031 3580 Gaiano
1049 3542 1103 3579 non
1122 3529 1301 3584 aemulemur.

116 3596 186 3648 Nam
215 3611 271 3662 quo
295 3597 400 3648 diutius
424 3599 452 3646 in
472 3597 537 3647 Gaio
556 3597 723 3646 restituendo
746 3609 856 3660 operam
874 3597 1065 3663 collocaueris,
1089 3611 1121 3647 eo
1140 3599 1242 3650 certius
1261 3601 1302 3649 in·

116 3666 242 3732 telleges,
266 3679 348 3730 quem
367 3664 514 3716 difficulter
531 3667 559 3714 in
578 3666 646 3715 locis
668 3665 818 3728 desperatis
835 3665 963 3730 pestilera
980 3667 1179 3717 medicamenta
1195 3681 1210 3717 a
1229 3669 1302 3720 salu·

116 3735 226 3786 taribus
239 3737 425 3798 secernantur,
444 3738 471 3784 et
488 3748 543 3798 quc
555 3734 676 3797 longiore
688 3746 739 3784 usu
757 3736 1005 3799 exercitationeque
1022 3735 1159 3799 adquisita
1176 3739 1204 3786 et
1221 3737 1301 3788 robo-

118 3805 174 3856 rata
187 3805 313 3856 fueritin
332 3804 385 3853 hoc
404 3802 492 3853 officio
505 3802 628 3868 facultas,
647 3816 679 3852 eo
693 3804 799 3853 cautius
818 3817 833 3854 a
849 3804 965 3854 lectione
978 3803 1077 3854 tradita
1095 3805 1217 3856 recedas.
1245 3805 1300 3870 Ego

117 3871 159 3923 his
171 3873 348 3936 undeuiginti
367 3873 453 3936 annis,
472 3871 572 3936 quibus
586 3872 680 3922 Gaium
693 3873 816 3936 tractaui,
835 3872 858 3922 si
876 3871 944 3922 nihii
959 3873 1035 3924 aliud
1053 3886 1118 3924 sano
1136 3875 1190 3925 hoc
1208 3874 1301 3941 didici,

118 3943 205 3994 multo
234 3955 314 4007 saepe
334 3940 475 3992 difficilius
493 3953 553 3991 csse
577 3940 610 3991 ab
628 3941 740 3991 incertis
759 3942 924 3994 coniecturis
942 3941 1079 3993 abstinere
1096 3956 1179 4006 quam
1196 3946 1301 4010 praeci·

118 4010 203 4072 pitem
227 4013 255 4062 in
281 4007 453 4060 coniectandi
475 4010 630 4074 periculum
654 4007 726 4060 iorri.
761 4010 820 4061 Nec
844 4009 940 4061 dubito
965 4011 1032 4076 quin
1050 4012 1153 4077 etipse
1171 4013 1303 4064 Poleuaar

119 4090 183 4130 mox
201 4083 289 4130 artem
308 4078 450 4129 nesciendi
466 4079 493 4127 in
514 4079 578 4129 crisi
591 4078 691 4128 Gaiana
709 4081 818 4144 saepius
836 4081 1079 4132 commendaturus
1097 4083 1139 4147 sit,
1157 4084 1301 4148 postquam

117 4149 226 4211 primus
250 4149 334 4198 animi
359 4148 538 4198 coniectantis
559 4147 641 4197 ardor
663 4149 827 4202 consederit.
863 4149 988 4201 Ceterum
1010 4150 1161 4202 uidendum
1180 4165 1235 4216 quo
1253 4165 1302 4202 suu

119 4229 256 4284 quemque
274 4219 373 4268 natura
390 4217 508 4267 maxime
526 4216 596 4267 terro
613 4216 748 4270 uideatur.
