3190 4868
453 801 633 884 INDEX
668 800 984 888 NOMsstth.

669 975 772 984 ---..

141 1106 243 1182 Ἀχαιοί
261 1112 297 1174 (in
313 1125 393 1161 uersu
405 1111 545 1170 Homerico]
566 1112 603 1160 111
623 1114 681 1161 444.

142 1182 288 1245 Agrippina
304 1180 417 1243 (Claudii
436 1179 512 1242 uxor)
531 1181 541 1229 1
560 1184 601 1229 444.

142 1251 171 1300 t.
189 1253 317 1300 Annaeus
334 1249 437 1299 Seneca
454 1261 509 1298 cos.
530 1249 563 1310 (a.
584 1253 616 1298 54
632 1262 658 1310 p.
680 1247 737 1299 Cbr.
755 1248 789 1310 4.)
809 1250 834 1298 44
854 1251 912 1302 454.

143 1318 308 1368 Antoninus:
327 1317 398 1367 4444.
418 1319 583 1367 constitutio.

142 1388 275 1436 Atilianus
293 1388 367 1436 tuter
385 1388 396 1435 l
415 1389 474 1434 485.
495 1385 572 1449 [ret]

142 1456 251 1518 Bithyni
271 1455 322 1518 (lex
340 1454 524 1518 Bithynorum)
543 1456 553 1503 l
572 1458 630 1504 494.

146 1524 191 1575 Co.
209 1523 335 1574 Arulenus
352 1524 458 1573 Caelius
477 1523 591 1573 Sabinus
610 1523 823 1585 (iurisconsultus)
846 1524 881 1573 lll
901 1527 941 1573 70.
961 1526 1019 1574 444.

144 1593 254 1643 Caesar:
273 1591 345 1642 conf.
363 1592 447 1644 Nero.

144 1661 342 1712 Cascellianum
360 1660 494 1712 iudicium
511 1662 547 1710 IV
566 1664 637 1710 ⁴66³.
658 1664 715 1711 469.

147 1728 173 1780 0.
191 1730 300 1780 Cassius
318 1731 450 1793 Lonpinaes
469 1730 681 1792 (iurisconsultus)
700 1730 781 1780 4496.
801 1731 876 1780 1179.
897 1734 954 1781 495.
974 1733 1033 1784 444.
1051 1729 1089 1780 lll
1102 1733 1142 1780 74.
1164 1732 1220 1779 448.
1241 1733 1298 1782 449.

212 1801 272 1849 lii.
292 1803 351 1848 464.
370 1799 404 1848 lV
423 1801 465 1850 is.
485 1801 542 1848 444.
565 1802 623 1848 479.

144 1865 274 1918 Claudius
291 1869 303 1918 1
322 1871 374 1918 32⁰.
393 1868 403 1916 Ι
422 1870 454 1916 64
474 1866 584 1930 (diuus);
604 1865 674 1916 conl.
693 1868 860 1930 constitutio,
882 1867 932 1932 lex,
951 1868 1228 1920 senatusconsultum.

144 1937 301 1988 constitutio
319 1937 452 2002 principis
471 1937 482 1984 l
502 1940 524 1985 4.
544 1940 566 1985 t.

212 2006 339 2056 Antonini
358 2004 545 2073 [imperatoris]
564 2005 723 2055 constitutio
742 2004 776 2053 de
794 2018 826 2054 eo
845 2005 968 2069 quisine
987 2019 1069 2056 causa
1088 2019 1200 2056 seruum
1220 2019 1297 2056 suum

349 2072 481 2124 occiderit
493 2075 560 2136 1533
573 2073 696 2124 eiusdem
708 2073 840 2137 principis
853 2076 1011 2124 constitutio
1025 2075 1059 2126 de
1072 2075 1191 2126 dominis
1205 2075 1232 2124 in
1244 2088 1298 2124 ser-

350 2156 400 2192 uos
419 2141 606 2192 saeuientibus
624 2143 634 2190 1
654 2146 694 2196 59,

247 2242 315 2249 —
351 2211 542 2274 (imperatoris)
563 2211 726 2274 rescriptum
744 2209 778 2260 de
796 2211 897 2260 erroris
915 2223 996 2260 causa
1015 2212 1158 2277 probanda
1176 2213 1188 2261 1
1207 2213 1247 2260 74.

247 2311 315 2318 -—
350 2280 454 2343 (optimi
468 2279 649 2344 imperatoris)
668 2279 785 2343 epistula
798 2279 832 2328 de
845 2279 1023 2344 inpuberibus
1036 2280 1199 2344 adoptandis
1217 2281 1228 2328 l
1243 2284 1298 2329 494,

247 2379 314 2386 -
350 2348 540 2412 (imperatoris)
566 2349 731 2412 rescriptum
751 2348 785 2397 de
801 2347 938 2398 bonomm
956 2351 1129 2414 possessione
1147 2349 1299 2399 secundum

351 2417 459 2467 tabulas
476 2418 631 2467 testamenti
650 2430 704 2466 non
722 2418 782 2467 iure
800 2415 885 2466 iactas
902 2419 985 2481 petita
1003 2419 1026 2466 ll
1046 2421 1094 2466 444
1113 2430 1169 2481 seq.

247 2515 314 2524 —-
351 2486 541 2551 (imperatoris)
554 2486 717 2549 rescriptum
731 2485 765 2535 de
778 2485 913 2535 bonorum
926 2488 1101 2550 possessione
1113 2490 1208 2536 contra
1221 2485 1299 2535 tabu-

349 2556 422 2605 lasa
440 2553 532 2604 liberis
551 2553 675 2604 feminini
693 2567 774 2604 sexus
791 2555 875 2618 petita
892 2555 916 2604 11
935 2559 992 2605 445.

248 2652 315 2659 --
352 2623 539 2688 (imperatoris)
557 2625 721 2688 rescriptum
735 2623 769 2672 de
782 2624 940 2688 exceptione
952 2623 1008 2674 doli
1021 2624 1086 2674 mali
1098 2625 1208 2689 scriptis
1221 2623 1299 2674 here·

351 2693 432 2743 dibus
451 2693 577 2757 opposita
595 2692 618 2741 ll
635 2688 723 2758 (4494).
743 2696 814 2741 4544.

248 2789 317 2796 -—
353 2762 420 2823 (diui
439 2763 486 2822 Pii)
509 2760 666 2811 constitutio
686 2761 833 2823 delegatis
851 2761 1028 2824 adquirendis
1047 2761 1069 2810 lI
1088 2765 1145 2810 494.

213 2831 318 2881 Claudii
331 2831 451 2882 edictum
464 2831 498 2880 de
511 2831 621 2894 Latinis,
641 2831 779 2893 quomodo
792 2831 836 2879 ius
848 2830 992 2889 Quiritium
1004 2831 1209 2894 consequantur
1222 2829 1233 2877 l
1246 2832 1299 2878 32⁰.

214 2899 345 2951 Hadriani
363 2900 437 2964 (diui)
456 2900 622 2963 rescriptum
640 2898 674 2949 de
692 2900 829 2962 responsis
846 2899 1024 2963 prudentium
1046 2900 1057 2948 Ι
1077 2902 1099 2948 i.

384 2996 419 3004 -
454 2969 574 3019 edictum
593 2968 627 3017 de
647 2968 757 3018 ciuitate
775 2967 894 3018 Romana
911 2969 1026 3032 petenda
1044 2968 1055 3016 Ι
1074 2971 1116 3018 55.

383 3066 418 3076 -
453 3037 616 3101 rescriptum
635 3036 669 3087 de
687 3037 788 3087 erroris
807 3051 888 3088 causa
905 3037 1049 3101 probanda
1066 3038 1077 3086 l
1095 3039 1136 3087 48.

383 3133 418 3141 -
453 3107 487 3156 (44
505 3106 601 3156 liberis
619 3107 742 3156 mulieris
760 3106 863 3156 liberae
882 3120 953 3170 quae
971 3120 1035 3156 cum
1053 3106 1142 3156 alieno
1162 3118 1242 3156 seruo
1256 3117 1300 3154 44·

453 3175 605 3224 44444484.

386 3268 421 3277 -
455 3242 575 3292 edictum
595 3243 629 3292 de
641 3245 791 3307 peregrinis
804 3245 850 3307 qui
863 3242 916 3294 sibi
929 3243 1078 3307 liberisque
1090 3244 1147 3293 suis
1161 3243 1301 3292 ciuitatem

453 3311 601 3360 Romanam
618 3314 747 3374 petierint
763 3313 775 3362 l
794 3317 835 3363 93.

385 3403 420 3412 -—
455 3378 622 3442 subscriptio
649 3381 682 3430 de
709 3382 796 3445 patria
819 3382 950 3445 potestate
974 3381 1033 3429 eius
1055 3381 1102 3442 qui
1125 3391 1188 3429 cum
1215 3391 1301 3428 uxore

453 3452 597 3510 praegnatc
614 3449 724 3499 ciuitate
742 3450 860 3499 Romana
878 3449 994 3498 donatus
1012 3449 1047 3497 sit
1064 3450 1075 3496 l
1094 3450 1135 3498 94.

388 3541 423 3550 -
457 3516 491 3565 de
512 3517 615 3566 maiore
636 3531 849 3581 arvennorum,
873 3517 920 3580 qui
938 3516 1118 3566 hereditatam
1140 3515 1248 3581 adierit,
1272 3518 1299 3566 in

454 3586 589 3648 integrum
608 3585 775 3636 restituendo
793 3586 815 3634 ll
836 3589 892 3636 463.

385 3678 419 3687 -
454 3655 613 3704 constitutio
626 3655 660 3703 de
673 3655 760 3717 legato
771 3657 914 3702 extraneae
925 3665 1058 3718 personae
1070 3666 1119 3717 per
1130 3657 1299 3718 praeceptio-

455 3735 518 3770 nem
536 3723 631 3772 relicto
650 3724 674 3771 ll
693 3726 751 3771 444.

385 3816 419 3824 -
453 3793 618 3854 rescriptum
640 3792 675 3841 de
697 3791 847 3854 legatorum
870 3793 896 3839 at
913 3789 1188 3841 fideicommissorum
1206 3793 1299 3842 usuris

455 3860 485 3923 lI,
504 3861 562 3909 4844.

385 3954 419 3962 -
454 3929 540 3978 oratio
553 3928 587 3978 de
595 3927 816 3978 fideicommissis
826 3940 895 3990 quae
904 3928 1054 3992 peregrinis
1064 3927 1125 3978 data
1136 3931 1199 3978 sunt
1209 3929 1232 3978 11
1242 3931 1299 3978 485.

386 4022 420 4031 -
455 3996 570 4062 epistula
588 3996 621 4046 de
638 3995 787 4047 diuidenda
800 3996 991 4047 fideiussorum
1005 3995 1169 4060 obligatione
1188 3998 1223 4046 lll
1243 4001 1299 4047 444.

456 4069 525 4114 isle.
547 4068 603 4114 444.

216 4187 239 4249 l)
258 4186 376 4239 Nomina
393 4187 458 4252 legis
477 4189 595 4238 latorum
614 4186 686 4236 4444.
704 4187 756 4237 sub
774 4201 800 4238 u.
820 4184 887 4253 ,lert
