3094 4860
337 335 524 396 44444-444
728 369 813 378 -
857 335 898 398 34
941 371 1027 378 .-

263 523 519 602 ltllhabeantnr,
545 541 627 604 quae
649 525 681 584 in
703 526 764 585 uiri
786 521 892 598 malnu
908 531 988 584 sant.

643 777 702 865 1-
725 784 944 862 mancipatione
972 782 1121 846 desinunt
1148 785 1179 843 in
1207 801 1303 842 manu
1332 800 1421 862 esse,

334 876 365 931 et
393 871 420 930 si
454 889 493 930 ex
527 887 564 931 ea
597 871 823 948 mancipatione
857 871 1064 932 manumissac
1094 869 1220 946 fuerint,
1253 871 1302 930 sui
1335 869 1449 930 iuriss

250 951 530 1038 l37¹ellfioiaatam
870 989 896 996 -
928 973 1010 1035 quae
1415 951 1420 1036 1

333 1077 1000 1085 ------------
1028 1059 1139 1122 eogere
1163 1035 1422 1119 coemptilonato-

333 1146 402 1189 rem
425 1135 528 1206 potest,
551 1134 587 1191 ut
609 1145 640 1186 sc
662 1127 864 1205 remancipet,
888 1129 939 1188 cui
961 1129 1031 1206 ipsa
1052 1123 1141 1200 uellit

332 1213 426 1274 nihilo
454 1215 554 1293 magis
584 1219 686 1294 potest
719 1231 840 1293 cogere,
868 1207 878 1293 11
900 1231 994 1293 quam
1024 1219 1055 1274 et
1081 1213 1145 1274 filia
1170 1219 1303 1292 patrem.
1354 1213 1420 1274 sed
1429 1237 1488 1289 pag.
1498 1227 1525 1272 ss

333 1299 396 1360 filia
433 1298 562 1379 quidem
591 1299 678 1360 nullo
713 1299 806 1360 modo
841 1303 964 1377 patrem
997 1307 1102 1378 potest
1135 1316 1255 1379 cogere,
1291 1300 1462 1361 etiamsito

333 1386 482 1465 adoptiua
509 1388 561 1462 sit3
588 1387 666 1446 haec
694 1391 800 1446 autem
829 1380 964 1467 (airam)
992 1384 1126 1464 repudio
1154 1386 1248 1446 misso
1276 1385 1418 1463 proinde

330 1472 514 1552 conpellere
536 1478 652 1551 potest,
677 1479 771 1552 atque
795 1472 822 1532 si
845 1472 874 1530 ei
895 1489 1068 1551 numquam
1091 1479 1189 1550 nupta
1212 1471 1332 1531 fuisset.

260 1557 321 1618 438
418 1559 442 1618 li
474 1559 529 1638 qni
557 1559 588 1618 in
618 1576 713 1619 causa
746 1558 892 1636 mancipii
925 1564 1007 1636 sunt,
1043 1558 1117 1637 quia
1148 1574 1313 1620 seruorum
1342 1557 1415 1618 loen

332 1643 498 1723 habentur,
529 1643 668 1704 uindicta
696 1661 795 1704 sensu
827 1650 1012 1704 testamento
1040 1645 1224 1704 manumissi
1257 1644 1305 1703 sui
1333 1645 1415 1705 iuris

259 1730 321 1797 439
332 1731 421 1791 fiunt.
451 1732 516 1797 Nec
537 1737 642 1790 tamen
664 1731 695 1790 in
718 1730 777 1792 hoc
799 1746 875 1789 casu
890 1728 943 1790 lex
957 1729 1045 1790 Aelia
1061 1731 1167 1791 Sentia
1182 1728 1287 1789 locum
1302 1729 1412 1792 habet.
1425 1743 1456 1788 45
1473 1775 1475 1780 ,

261 1809 266 1818 ’
332 1818 438 1896 itaque
461 1815 539 1876 nihil
561 1817 763 1895 requirimus
787 1817 878 1876 cuius
900 1817 1009 1876 aetatis
1033 1817 1073 1876 sit
1094 1818 1120 1876 is
1145 1817 1199 1896 qui
1221 1818 1415 1877 manumittit

333 1909 364 1962 et
380 1905 434 1982 qui
449 1903 693 1978 manumittitur;
717 1919 753 1962 ae
774 1919 815 1965 ne
838 1899 918 1962 illud
941 1901 1079 1982 quidem,
1103 1919 1142 1962 an
1160 1909 1327 1980 patronum
1344 1919 1415 1964 cre-

333 1987 507 2048 ditoremue
530 1990 741 2048 manumissor
762 1987 887 2051 haheat.
922 2006 959 2048 aa
973 2007 1013 2049 ne
1028 2005 1180 2050 numerus
1197 1987 1327 2067 quidem
1342 1988 1413 2070 lege

260 2075 319 2134 tlt
332 2074 419 2137 Fufia
447 2075 573 2147 Capinia
599 2074 706 2136 finitus
737 2076 768 2134 in
795 2075 845 2134 his
874 2076 1018 2153 personis
1046 2074 1151 2135 locum
1176 2073 1280 2134 hahet.
1328 2075 1412 2146 Quin

332 2163 425 2220 etiam
447 2162 545 2220 inuito
568 2179 696 2241 quoque
719 2178 756 2220 eo
779 2161 869 2220 ouius
892 2162 923 2220 in
943 2162 1096 2240 mancipio
1112 2168 1186 2221 sunt
1200 2178 1299 2220 censu
1313 2159 1453 2222 liber-so

330 2253 427 2310 tatem
454 2249 607 2326 consequi
632 2253 774 2326 possunt,
806 2253 936 2325 excepto
966 2266 1013 2325 eo,
1045 2265 1139 2327 quem
1166 2253 1256 2326 pater
1279 2263 1317 2306 ea
1340 2247 1411 2328 lege

331 2334 485 2412 mancipio
517 2331 613 2411 dedit,
645 2339 681 2393 ut
709 2332 770 2396 sibi
799 2334 1046 2411 remancipetur;
1077 2351 1150 2394 nam
1177 2331 1409 2412 quadammodo

331 2426 404 2482 tana
436 2426 526 2498 pater
561 2425 748 2498 potestatem
782 2420 941 2498 propriam
979 2436 1145 2479 reseruare
1183 2418 1243 2479 sihi
1281 2419 1410 2480 uidetur

331 2524 369 2566 eo
398 2507 477 2584 ipso,
509 2504 593 2586 quad
622 2506 777 2584 mancipio
807 2505 926 2583 recipit.
973 2523 1009 2564 ac
1039 2523 1080 2565 ne
1113 2507 1139 2566 is
1175 2503 1305 2585 quidem
1334 2505 1410 2566 dioi-

330 2597 383 2658 tur
404 2593 501 2652 inuito
531 2610 568 2652 eo
591 2593 680 2652 cuius
704 2593 735 2650 in
758 2591 912 2670 mancipio
936 2597 984 2652 est
1015 2609 1113 2651 censu
1138 2589 1314 2651 libertatem
1338 2611 1451 2660 can-25

331 2679 433 2756 sequi,
457 2696 551 2758 quem
573 2684 664 2756 pater
687 2696 727 2737 ex
748 2675 853 2738 noxali
876 2693 971 2736 causa
992 2673 1158 2756 [mancipio
1179 2675 1285 2757 deditl,
1310 2677 1411 2739 ueluti

332 2763 418 2842 quod
445 2763 521 2824 furti
547 2765 615 2823 eius
643 2764 769 2823 nomine
796 2761 962 2823 damnatus
990 2769 1046 2840 est,
1075 2760 1118 2843 [et
1144 2761 1228 2842 eum]
1256 2766 1410 2843 mancipio

261 2848 316 2907 lll
332 2850 429 2908 actori
452 2848 555 2925 dedit;
578 2867 652 2908 nam
674 2849 758 2909 huna
781 2855 866 2908 actor
879 2867 937 2927 pro
953 2850 1086 2927 pecunia
1101 2848 1204 2909 habet.
1237 2849 1272 2908 ln
1288 2867 1411 2910 summa

332 2933 521 2994 admonendi
543 2952 653 2995 sumus
677 2933 833 2994 aduersus
856 2952 909 2994 eos
932 2953 1012 3014 quos
1032 2937 1064 2995 in
1079 2936 1233 3014 mancipio
1254 2935 1409 2996 hahemus

333 3084 382 3096 m

401 3191 411 3236 4
435 3186 587 3238 habeantur
608 3189 744 3253 Goescltea,
768 3189 902 3240 habeatur
924 3190 971 3252 011
989 3193 1053 3240 4-4
1073 3203 1169 3254 soram,
1188 3205 1254 3251 qaas
1268 3196 1328 3252 post
1347 3193 1410 3242 sunt

332 3257 468 3318 casatam,
499 3258 562 3306 duce
591 3271 625 3308 eso
651 3263 729 3320 parte
751 3258 878 3308 Hospitio
908 3260 969 3310 hacc
994 3260 1049 3322 [ere
1076 3262 1203 3309 sententia
1230 3263 1334 3310 restitui
1357 3274 1407 3322 po-

332 3331 394 3382 test:
422 3327 451 3374 ln
479 3339 563 3376 manu
586 3327 677 3376 autem
698 3339 758 3377 esse
780 3328 909 3377 mulieres
931 3329 1059 3378 desinunt
1079 3327 1167 3377 isdem
1188 3328 1287 3392 medie,
1308 3330 1410 3392 quibus

331 3393 404 3444 filiae
422 3393 538 3444 familias
556 3399 688 3459 potestate
706 3397 791 3459 patris
810 3396 973 3460 liberantur,
997 3399 1067 3447 sicut
1089 3397 1172 3460 igitur
1195 3397 1267 3446 filiae
1290 3396 1410 3448 familias

331 3477 387 3514 una
404 3464 606 3527 mancipatione
629 3465 663 3514 de
685 3467 820 3527 potestate
838 3467 923 3528 patris
941 3469 1048 3530 exeunt,
1067 3466 1105 3516 ita
1124 3479 1172 3515 eae
1191 3479 1261 3529 quae
1280 3467 1308 3514 in
1327 3481 1411 3517 manu

331 3534 396 3583 sunt
417 3546 472 3582 una
501 3535 699 3598 mancipatione
726 3533 874 3585 desinunt
906 3534 942 3584 in
966 3547 1062 3585 manu
1089 3547 1157 3585 esse
1180 3534 1289 3597 4444115
1314 3549 1410 3586 manu-

331 3604 430 3653 missae
448 3601 571 3666 Huschke,
593 3603 761 3653 manumissa
782 3604 825 3667 0¹¹,
843 3603 909 3664 conf.
926 3603 1213 3666 septentrionem
1230 3602 1242 3668 11
1261 3609 1327 3654 6-9
1345 3606 1411 3654 hanc

329 3671 385 3734 [ere
401 3673 555 3720 sententiam
572 3674 730 3733 cmpressisse
747 3674 849 3722 uidetur
870 3671 961 3721 Gaias:
985 3673 1059 3720 lnter
1084 3685 1143 3722 eam
1164 3685 1228 3722 uero
1248 3685 1412 3732 quaecum
1463 3717 1471 3732 ,

331 3743 467 3806 extraneo,
486 3741 513 3789 et
530 3755 591 3790 eam
610 3753 679 3804 quae
699 3753 761 3790 cum
780 3743 839 3790 uiro
858 3753 907 3790 sua
926 3741 1125 3801 coemptionem
1139 3739 1243 3806 lecerit,
1262 3743 1315 3791 hac
1328 3743 1411 3792 inter-

331 3813 380 3872 est,
399 3808 473 3872 quod
491 3808 537 3858 illa
557 3809 668 3874 quidem
687 3821 794 3870 eogere
807 3811 1093 3870 coemptionatorem
1106 3813 1198 3874 potest,
1217 3816 1250 3860 ut
1261 3824 1288 3860 se
1300 3825 1412 3862 reman-

331 3879 415 3940 cipet,
434 3877 486 3927 aui
503 3878 574 3938 ipsa
591 3878 679 3942 uelit,
697 3879 764 3929 liaeo
782 3881 873 3929 autem
892 3879 981 3927 uirum
1001 3891 1078 3927 suum
1099 3879 1196 3928 nihilo
1213 3879 1313 3941 magis
1333 3883 1385 3930 eta.

333 3949 346 3992 9
366 3946 452 3994 nihilo
472 3945 608 4011 Goeschcn,
628 3947 694 3996 nihil
717 3947 736 3997 G
747 3948 757 4010 11
773 3953 801 3997 to
822 3959 917 4010 cogere
940 3946 1075 4010 Gaesclten,
1094 3960 1191 4010 gagere
1213 3949 1232 3999 G
1243 3948 1254 4011 11
1269 3952 1294 3996 44
1317 3951 1411 3998 uirum

332 4019 392 4062 ante
414 4015 528 4078 proinde
552 4018 650 4068 44444444
676 4015 805 4067 Goesclten
820 4015 832 4079 11
849 4019 879 4064 44
903 4015 969 4078 conf.
989 4015 1020 4065 ca
1037 4016 1048 4076 11
1066 4018 1212 4067 manumisi
1234 4017 1330 4079 01148
1351 4018 1411 4081 lage

333 4080 406 4131 Fufia
424 4083 535 4134 Caninia
554 4086 708 4148 Mommsen,
727 4087 793 4149 legis
812 4084 860 4135 luf.
880 4097 939 4132 can.
960 4083 980 4134 C
1002 4083 1012 4146 11
1036 4087 1068 4132 23
1092 4085 1165 4149 tunc]
1188 4083 1328 4148 4441441444
1353 4086 1384 4138 C1
1401 4083 1412 4151 11

333 4153 363 4198 st
379 4150 452 4213 quod
465 4151 599 4217 Goesctisn,
613 4167 667 4218 quo
680 4152 699 4202 G
710 4149 720 4220 11
732 4159 763 4203 tt
777 4159 800 4204 44
813 4159 844 4203 47
857 4153 939 4202 acrba
950 4156 1024 4202 aneis
1036 4155 1136 4203 inclusa
1150 4156 1249 4216 ompulit
1260 4156 1409 4206 Mommsen.
