3094 4860
324 359 528 421 useel-ms
713 393 799 402 .-
843 361 883 424 70
928 396 1012 404 „-

325 552 356 611 in
376 547 389 629 ΙΙ
408 557 531 630 partem
562 548 762 626 adcrescunt,
795 549 821 608 si
858 550 907 610 sui
939 549 1074 611 heredes
1105 551 1183 630 sint,
1207 553 1239 611 in
1266 550 1401 632 uirilem,
1413 575 1469 626 pag.
1480 567 1503 612 ss

325 639 352 698 si
375 637 532 714 extranei,
564 635 595 694 in
619 633 787 696 dimidiam.
833 633 866 696 id
889 642 938 695 est
960 637 986 696 si
1009 637 1080 716 quis
1102 643 1166 698 tres
1189 636 1285 698 uerbi
1306 641 1404 718 gratia

325 722 403 784 filios
436 719 571 782 heredes
604 721 773 782 instituerit
806 728 836 782 et
869 720 965 780 filiam
997 723 1206 802 praeterierit,
1249 722 1315 784 filia
1348 723 1405 785 ad-

325 806 496 869 crescendo
524 824 581 886 pro
612 813 723 886 quarta
750 815 840 886 perte
867 806 901 867 fit
927 807 1034 887 heres,
1064 815 1095 868 et
1121 826 1158 868 ea
1180 811 1300 870 ratione
1324 809 1404 871 idem

325 895 538 973 consequitur,
563 891 648 972 quod
671 892 711 954 ab
734 895 877 954 intestato
899 900 988 972 patre
1011 901 1128 954 mortuo
1144 893 1290 956 habitura
1305 904 1428 972 esset;s

325 988 356 1040 at
378 981 404 1041 si
427 986 592 1040 extraneos
614 978 667 1040 ille
690 978 825 1040 heredes
847 980 1016 1040 instituerit
1039 986 1070 1041 et
1084 979 1180 1041 filiam
1195 984 1403 1060 praeterierit,

325 1066 387 1126 lilia
411 1064 623 1126 adcrescendo
647 1085 687 1126 ex
710 1063 838 1126 dimidia
859 1071 948 1144 parte
971 1065 1006 1125 fit
1027 1065 1130 1127 heres.
1173 1085 1254 1146 quae
1278 1066 1319 1128 de
1343 1067 1405 1128 filia

326 1152 476 1227 diximus,
497 1151 623 1215 ‚eadem
656 1159 687 1211 et
714 1149 754 1213 de
781 1157 895 1232 nepote
922 1149 1027 1232 deque
1056 1151 1201 1213 omnibus
1228 1151 1406 1214 liberorum

325 1239 468 1319 personis
496 1255 549 1298 seu
576 1236 740 1298 masculini
771 1255 829 1298 seu
854 1235 995 1317 feminini
1025 1255 1121 1299 sexus
1153 1237 1235 1300 dieta
1261 1239 1406 1320 itellege-

255 1323 405 1385 luemus.
452 1322 535 1396 Quid
566 1341 641 1404 ergo
670 1319 742 1384 est?
772 1322 845 1384 licet
874 1341 926 1385 eae
957 1322 1133 1384 secundum
1160 1343 1301 1404 eaquae
1326 1325 1444 1387 dixi-lo

326 1428 396 1471 mus
425 1411 547 1489 scriptis
578 1408 738 1469 haedibus
767 1407 925 1470 dimidiam
945 1417 1066 1487 purtem
1088 1409 1268 1489 detrahant,
1299 1417 1403 1472 tamen

325 1502 451 1576 praetor
474 1497 519 1556 eis
543 1503 649 1556 contra
671 1495 796 1556 tabulas
819 1494 975 1556 bonorum
997 1497 1229 1574 possessionem
1243 1499 1403 1576 promittit,

325 1601 388 1663 qua
417 1583 536 1642 ratione
564 1583 704 1642 extranei
726 1580 862 1642 heredes
885 1599 902 1640 a
924 1587 989 1642 tota
1011 1581 1185 1643 hereditate
1206 1581 1407 1662 repelluntur

255 1667 314 1729 426
325 1678 356 1730 et
389 1667 569 1729 efficiuntur
602 1669 668 1728 sine
701 1685 736 1728 re
770 1666 916 1729 heredes.
965 1667 1004 1726 Et
1037 1666 1095 1727 hoc
1127 1670 1196 1728 iure
1223 1669 1404 1748 utebamur,
1534 1729 1535 1750 ἶ

324 1756 411 1835 quusi
434 1753 510 1814 nihil
533 1755 615 1814 inter
636 1753 767 1814 feminas
792 1761 822 1813 et
844 1752 1001 1815 masculos
1024 1755 1204 1830 interesset3
1229 1753 1286 1815 sed
1301 1773 1443 1834 nuperis

322 1842 492 1919 imperator
513 1837 687 1900 Antoninus
721 1839 907 1919 significauit
942 1841 1093 1918 rescripto
1127 1859 1202 1902 suas
1235 1859 1298 1902 non
1332 1840 1406 1920 plus

323 1927 459 1986 nancisci
488 1926 620 1986 feminas
650 1943 709 2005 per
737 1925 892 1986 bonorum
919 1927 1166 2005 possessionem,
1200 1945 1295 2007 quom
1324 1927 1407 2007 quod

323 2014 392 2072 iure
421 2009 626 2074 adcrescendi
649 2018 929 2092 consequerentur.
975 2011 1062 2092 quod
1085 2014 1116 2072 in
1139 2014 1406 2091 emancipatarum

324 2116 452 2178 quoque
484 2115 621 2177 persone
650 2096 887 2158 obseruandum
914 2105 974 2176 est,
1009 2103 1042 2158 44
1070 2096 1128 2158 hoe
1160 2116 1291 2178 quoque,
1328 2098 1406 2178 quod

309 2183 529 2246 adolescendi
558 2184 627 2244 iure
649 2183 813 2245 habiturae
836 2191 954 2262 essent,
987 2185 1014 2244 si
1036 2184 1068 2244 in
1090 2191 1237 2263 potestate
1259 2184 1443 2262 fuissentne

255 2267 314 2329 lut
324 2269 356 2330 id
383 2271 488 2348 ipsum
516 2271 607 2331 etiam
635 2288 695 2348 per
716 2269 872 2330 bonorum
894 2271 1127 2348 possessionem
1149 2269 1295 2331 habeant.
1343 2270 1406 2333 Sed

324 2354 482 2437 siquidem
504 2355 587 2416 filius
608 2374 630 2420 ¹a
651 2362 739 2436 patre
763 2354 990 2432 exheredetur,
1020 2357 1201 2418 nominatim
1224 2355 1406 2417 exheredari

325 2441 426 2518 debet3
455 2441 593 2522 alioquin
623 2461 685 2502 non
707 2441 831 2503 uidetur
853 2441 1049 2502 exheredari.
1096 2443 1277 2502 nominatim
1300 2450 1407 2504 autem

324 2527 512 2590 emheredari
535 2528 672 2607 uidetur,
697 2529 765 2589 siue
788 2531 831 2590 ita
853 2522 1075 2609 exherelldetur
1100 2546 1193 2588 rioms
1216 2547 1311 2588 rurus
1335 2547 1468 2608 urrspag.
1481 2542 1506 2588 ss

324 2633 459 2676 exurens
480 2635 560 2694 noro,
585 2618 650 2676 siue
672 2616 719 2675 lto
740 2634 840 2675 uraris
861 2635 943 2674 urus
961 2611 966 2695 4
986 2631 1113 2674 exarans
1141 2631 1228 2694 uero,
1258 2632 1322 2674 non
1352 2614 1446 2677 adse

254 2698 402 2760 l28iecto
424 2703 552 2780 proprio
583 2702 717 2762 nomine.
770 2701 898 2763 Ceterae
933 2717 1008 2760 uero
1040 2697 1215 2760 liberorum
1251 2717 1408 2778 personae

324 2785 378 2846 uel
412 2785 518 2846 semini
553 2805 649 2847 sexus
682 2786 736 2847 uel
771 2785 934 2847 masculini
967 2779 1052 2863 saltis
1086 2787 1169 2846 inter
1202 2792 1324 2847 ceteros
1357 2805 1410 2848 ex-

324 2869 536 2950 heredantur‚
575 2870 608 2932 id
645 2880 693 2932 est
729 2872 777 2932 his
813 2871 921 2933 uerbis
960 2867 1075 2954 cursim
1110 2890 1207 2932 ouras
1242 2890 1409 2932 exuramus

325 3020 582 3040 ᾺΛΝἉΛΛΛΛΛΜΑΛΝ

396 3109 472 3170 §427
492 3109 554 3160 inde
573 3108 607 3158 ah
627 3111 658 3158 23
676 3110 829 3162 nominatim
848 3129 879 3153 ε
898 3111 962 3161 lnst.
976 3114 1000 3174 h,
1019 3114 1059 3175 43,
1079 3113 1101 3160 4.

1151 3242 1410 3260 ΛΛΛΛΛΝΜνννννν·

396 3353 411 3398 2
430 3349 508 3400 uerbi
527 3349 642 3413 Blutme,
660 3347 754 3399 uerbis
776 3348 794 3398 C
815 3345 825 3414 ΙΙ
848 3353 862 3397 3
881 3349 951 3400 lilios
972 3349 1113 3414 Gocschea,
1132 3348 1203 3398 filius
1224 3345 1269 3414 014
1288 3349 1302 3397 4
1323 3347 1408 3410 idem]

326 3416 373 3468 id?
400 3417 419 3468 C
446 3415 457 3484 ΙΙ
485 3423 500 3468 4
530 3418 565 3467 od
593 3420 706 3468 44444444
736 3419 828 3468 codicis
860 3415 879 3468 G
906 3419 1013 3468 umbros
1042 3423 1088 3468 cut
1115 3417 1148 3467 ah
1176 3419 1304 3467 intestato
1330 3419 1407 3480 patre

326 3492 429 3538 mortuo
462 3486 589 3537 habitura
625 3487 678 3549 (loo
712 3500 776 3537 cusu
805 3485 839 3535 eh
870 3490 1029 3549 praepositio
1062 3487 1153 3536 melius
1187 3485 1326 3548 omittetur)
1364 3489 1409 3535 aut

327 3555 362 3607 ab
392 3558 519 3607 intestato
552 3557 658 3620 patrem
692 3556 754 3619 (leffe
782 3555 869 3619 patre)
905 3558 965 3619 ipso
999 3554 1128 3605 habitura
1159 3555 1232 3605 lectio
1261 3555 1373 3615 quadret
1398 3549 1409 3618 ΙΙ

326 3629 339 3674 l
368 3627 448 3676 heres
481 3626 617 3689 demulsa,
648 3621 743 3674 heret?
776 3623 795 3674 C
822 3621 832 3690 ΙΙ
862 3627 876 3672 9
906 3623 1029 3674 feminini
1063 3624 1200 3688 Goesoleo,
1231 3623 1328 3672 minini
1356 3621 1376 3672 0
1400 3619 1410 3687 ΙΙ

326 3697 357 3744 44
389 3707 438 3744 eae
469 3695 626 3758 Lachmann,
656 3707 688 3743 ae
720 3692 740 3743 C
766 3690 776 3758 ss
807 3695 834 3742 44
869 3693 1018 3742 heredibus
1049 3692 1193 3742 dimidiam
1222 3691 1337 3756 partem]
1368 3691 1410 3741 di-

325 3763 439 3813 midiam
476 3765 582 3827 partem
618 3762 700 3812 modo
736 3759 901 3812 heredibus?
939 3759 973 3811 cn
1007 3758 1017 3826 ΙΙ
1058 3764 1089 3810 44
1126 3761 1259 3824 promittit
1294 3761 1409 3822 illelmo,

324 3832 535 3895 promittiturt'
562 3829 573 3897 ΙΙ
602 3834 634 3880 lo
658 3843 721 3881 suas
745 3831 874 3890 Huschke,
905 3842 955 3880 suo
981 3828 1000 3878 C
1026 3825 1036 3896 ΙΙ
1066 3834 1097 3879 47
1128 3842 1209 3892 quam
1240 3829 1315 3892 quod
1347 3828 1410 3879 Goe-

328 3902 413 3958 solco,
439 3896 633 3964 quodquam?
666 3899 700 3950 Cn
731 3898 741 3968 ΙΙ
770 3902 802 3949 lt
833 3898 882 3962 est]
910 3900 981 3948 esset
1010 3897 1029 3948 G
1056 3895 1066 3965 Η
1093 3900 1216 3960 proximo
1244 3899 1279 3947 od
1307 3901 1410 3948 sonters-

329 3972 393 4020 4444
423 3971 541 4032 suppleta
570 3973 631 4018 suat
658 3965 669 4034 fl
698 3972 729 4017 2⁰
761 3968 904 4018 habiturae
938 3968 1029 4016 essent
1062 3966 1203 4030 Gesoriaco,
1237 3965 1409 4016 habituresse

332 4036 351 4086 C
378 4035 388 4102 ΙΙ
417 4041 448 4087 43
478 4037 596 4100 uidetur]
625 4034 747 4102 possiet?
780 4037 799 4086 C
827 4033 837 4102 ΙΙ
866 4039 898 4086 st
926 4035 1086 4086 exheredari
1113 4037 1184 4100 lust,
1210 4034 1339 4085 heredari
1367 4030 1410 4099 041

333 4108 365 4154 25
390 4108 519 4168 suppleuit
539 4106 667 4156 Goesclcu
690 4119 724 4156 eae
743 4106 804 4156 lost.
834 4101 843 4167 ΙΙ
872 4108 903 4155 28
922 4117 1011 4156 eurum
1034 4105 1180 4166 suppletum
1202 4117 1236 4153 ceo
1254 4107 1409 4166 coniectura,

331 4174 396 4235 coos.
416 4179 502 4224 444444
523 4174 566 4224 0⁸⁸
584 4171 596 4239 ΙΙ
614 4171 730 4226 omnes?
752 4174 779 4224 C.
