3094 4860
337 361 526 422 44444-404
718 401 802 409 .-
847 364 886 428 28
932 400 1018 409 -

335 552 487 631 mancipio
514 555 636 633 accipit,
664 572 715 614 004
742 560 852 616 tenens
878 556 920 615 ita
943 553 1017 614 dicit
1039 572 1115 614 444440
1136 571 1193 614 nuo
1215 571 1350 615 4404444444
1373 574 1409 615 nx

334 655 406 698 4444
426 656 579 710 0444444044
602 658 680 700 444444
702 658 768 701 nass
790 659 841 701 440
861 658 945 712 1st
964 658 1031 700 44444
1046 658 1154 700 44444440
1169 658 1239 700 4040
1255 658 1314 701 noe
1334 659 1408 700 4444

333 742 481 796 4444440444
504 743 603 802 44444;
634 725 747 787 deinde
771 744 843 787 aere
865 727 1002 805 percutit
1022 724 1135 787 libram
1156 726 1253 806 idque
1276 744 1331 787 aas
1355 726 1409 788 dat

263 809 363 870 42004
391 828 407 870 44
437 828 498 890 quo
527 813 680 892 mancipio
710 814 820 892 accipit
843 814 933 892 quasi
954 813 1047 890 pretii
1069 809 1145 872 loco.
1191 812 1235 872 Eo
1258 811 1353 873 modo
1378 819 1409 873 04
1524 859 1525 880 ,

334 895 467 956 seruiles
491 903 522 956 et
544 898 663 960 liberae
685 915 840 978 personae
862 899 1094 977 mancipantur;
1118 897 1264 958 animalia
1278 908 1431 978 quoquot
1524 899 1525 902 ’

334 999 415 1061 quae
438 987 571 1064 mancipi
594 991 681 1064 sunt,
714 1003 776 1064 quo
799 987 831 1044 in
853 1001 984 1044 numero
1007 983 1165 1044 habentur
1186 982 1298 1062 boues,
1322 987 1407 1064 equi,

332 1067 427 1147 muli,
457 1071 550 1146 asini;
582 1073 656 1132 item
681 1069 898 1150 praedictam
920 1069 1044 1130 urbana
1066 1088 1162 1150 quam
1183 1072 1301 1130 rustica
1324 1088 1407 1150 quae

333 1159 365 1214 et
395 1156 463 1233 ipsa
496 1159 629 1236 mancipi
663 1163 749 1234 sunt,
784 1156 891 1236 qualia
919 1162 993 1216 sunt
1020 1154 1138 1234 Italica,
1173 1154 1286 1216 eodem
1314 1155 1407 1216 modo

262 1235 316 1296 444
333 1238 435 1300 solent
456 1245 634 1323 mancipari.
673 1243 708 1302 ln
730 1261 767 1303 eo
790 1242 856 1303 solo
879 1241 1083 1321 praediorum
1105 1243 1291 1321 mancipatio
1314 1260 1333 1302 a
1357 1261 1408 1303 oe-

330 1332 471 1387 terorum
486 1331 712 1408 mancipatione
729 1327 842 1407 differt,
859 1327 945 1408 quod
959 1345 1114 1407 personae
1130 1326 1262 1388 seruiles
1279 1334 1310 1388 et
1325 1327 1445 1389 libe-⁴⁰

330 1430 400 1491 rae,
428 1415 502 1474 item
532 1414 676 1475 animalia
705 1433 787 1494 quae
814 1416 947 1493 mancipi
974 1420 1062 1492 sunt,
1090 1415 1151 1474 nisi
1172 1416 1204 1474 in
1227 1416 1407 1492 praesentia

330 1500 400 1578 sint,
428 1503 597 1580 mancipari
619 1519 682 1562 non
703 1507 849 1579 possunt3
879 1498 957 1560 adeo
981 1498 1120 1579 quidem,
1137 1497 1201 1578 44444
1223 1517 1296 1560 eum
1321 1496 1405 1582 (qui)
1415 1517 1466 1569 444.
1477 1507 1500 1552 44

329 1586 482 1664 mancipio
505 1587 624 1666 accipit,
649 1585 888 1665 adprehendere
911 1585 944 1646 id
966 1587 1069 1664 ipsum
1092 1584 1179 1665 quod
1201 1586 1233 1645 ei
1250 1587 1405 1665 mancipio

290 1694 292 1698 ·
330 1669 425 1730 datur
463 1689 593 1733 necesse
628 1675 682 1749 sit3
717 1671 803 1732 unde
835 1673 927 1732 etiam
955 1673 1139 1750 mancipatio
1168 1670 1294 1747 dieitur,
1330 1674 1405 1752 quia

329 1775 425 1816 manu
447 1775 499 1818 res
523 1760 660 1837 eapitur;
683 1757 813 1836 praedia
835 1774 912 1818 uero
935 1756 1077 1818 absentia
1100 1757 1203 1818 solent
1222 1759 1441 1836 manciparitt

259 1836 319 1898 tat
330 1842 404 1902 Ideo
427 1851 532 1904 autem
554 1862 607 1904 aes
630 1851 662 1904 et
682 1843 764 1904 libra
786 1842 964 1922 adhibetur,
989 1845 1062 1923 quia
1078 1843 1151 1902 olim
1167 1845 1267 1904 aereis
1284 1850 1404 1904 tantum

328 1931 464 1989 nummis
480 1929 661 2008 utebantur,
686 1937 819 1990 eterant
835 1948 931 2008 asses,
956 1928 1119 2008 dupundii,
1145 1930 1300 2007 semisses,
1326 1947 1405 2010 qua·
1452 1943 1455 1950 ’

330 2013 466 2093 drantes,
483 2034 542 2076 nec
556 2015 642 2076 ullus
658 2034 774 2076 aureus
790 2014 843 2076 uel
857 2022 1026 2096 argenteus
1042 2034 1190 2076 nummus
1205 2017 1237 2075 in
1252 2033 1316 2076 usu
1327 2023 1403 2093 erat,

329 2102 409 2161 sicut
436 2101 569 2182 exlege
591 2121 634 2162 4444
656 2102 838 2164 tabularum
859 2101 1043 2180 intellegere
1065 2117 1249 2180 possumus;
1278 2119 1405 2162 eorum-

329 2205 391 2266 que
417 2205 618 2248 nummorum
645 2191 694 2249 uis
717 2195 749 2249 et
770 2194 908 2269 potestas
930 2205 993 2248 non
1018 2182 1023 2268 4
1048 2189 1080 2248 in
1102 2205 1233 2248 numero
1256 2193 1324 2247 erat
1346 2186 1404 2248 sed

326 2274 358 2333 in
381 2271 521 2353 pondere
872 2276 967 2357 asises
995 2271 1124 2334 librales
1152 2280 1254 2350 erant,
1284 2279 1316 2333 et
1345 2271 1403 2333 du-

326 2359 437 2438 pundii
459 2395 613 2403 —--
820 2356 839 2442 4;
869 2360 954 2420 unde
978 2361 1069 2419 etiam
1093 2357 1276 2438 dupundius
1300 2356 1403 2419 dicius

328 2453 373 2505 est
394 2447 483 2526 quasi
507 2444 570 2506 duo
593 2445 708 2525 pondo,
732 2445 817 2526 quod
839 2463 953 2506 nomen
976 2443 1078 2504 adhoc
1100 2446 1131 2505 in
1154 2463 1216 2505 usu
1237 2446 1401 2505 retinetur.

325 2533 471 2592 semisses
493 2549 614 2612 quoque
638 2539 669 2593 et
692 2531 879 2612 quadrantes
902 2537 1048 2610 prorata
1071 2531 1190 2591 scilieet
1203 2531 1347 2609 portione
1363 2529 1402 2591 ad

325 2614 459 2696 ponldus
483 2619 650 2679 examinati
674 2617 1067 2696 erant.—-—--—qui
1098 2616 1193 2678 dabat
1221 2615 1291 2676 04404
1318 2612 1322 2699 Ι
1347 2623 1438 2695 pedi

327 2705 459 2783 cuniam,
483 2722 545 2764 non
568 2703 755 2764 numerabat
777 2721 854 2780 eam,
879 2701 937 2763 sed
960 2701 1173 2781 appendebat3
1196 2701 1282 2762 unde
1307 2704 1401 2781 serui,

327 2788 444 2868 quibus
477 2791 667 2868 permittitur
700 2789 923 2850 administratio
956 2785 1130 2866 pelcuniae,
1170 2786 1403 2867 dispensatores

256 2881 316 2942 423
327 2874 476 2952 appellati
504 2883 577 2936 sunt
603 2870 871 2946 et--—-l
1397 2957 1403 2965 ¹

395 2994 410 3053 4
425 2997 467 3042 444
492 2994 526 3042 ad
545 2998 576 3042 44
596 3006 699 3042 044444-
711 2996 742 3042 45
760 2995 863 3052 capitor
875 2991 945 3042 coni.
959 2992 1054 3042 isidor.
1075 2993 1139 3054 orig.
1154 2996 1177 3054 5,
1197 2995 1237 3056 25,
1257 2996 1284 3042 44
1302 2993 1313 3056 44
1325 2995 1340 3055 5
1354 2997 1401 3043 444

326 3060 361 3109 ad
381 3064 412 3110 44
430 3064 474 3122 qui
491 3089 524 3098 -
543 3065 575 3110 48
594 3065 655 3110 soci
673 3059 742 3110 coni.
762 3060 857 3109 isidor.
878 3063 943 3123 orig.
964 3064 1004 3123 44,
1024 3065 1064 3109 67.

325 3144 401 3159 NVVV

396 3184 405 3227 4
430 3179 599 3258 mancipipf,
612 3181 779 3244 mancipium
786 3180 870 3228 Boeib.
882 3177 893 3244 44
905 3192 950 3228 aes
958 3180 1052 3242 140444,
1062 3192 1120 3228 rem
1128 3178 1153 3244 0,
1163 3180 1305 3242 0044444044.
1315 3187 1387 3243 iaso.
1395 3177 1404 3246 44

327 3267 415 3316 444440
426 3266 521 3327 00044,
534 3266 597 3315 iusi·
613 3264 638 3330 0,
657 3265 722 3327 coes.
741 3264 772 3315 0Ε
783 3277 842 3327 pap.
852 3267 903 3318 275
919 3259 929 3330 44
946 3266 1023 3328 isque
1040 3265 1107 3314 mihi
1121 3265 1214 3329 440444,
1233 3266 1266 3316 440
1279 3280 1363 3330 quem
1375 3267 1403 3316 hi

328 3333 365 3399 01,
385 3336 473 3398 iisque
491 3334 557 3383 mihi
579 3331 609 3383 02
625 3331 635 3398 44
647 3335 704 3383 0040
719 3332 744 3398 0,
764 3337 805 3382 est
818 3334 903 3384 Booti.
915 3330 925 3400 44
938 3347 999 3384 0040
1013 3334 1108 3398 140044,
1128 3347 1174 3383 004
1188 3329 1226 3398 044
1239 3337 1252 3382 4
1266 3336 1403 3399 mancipio

329 3403 355 3469 0,
374 3404 542 3467 mancipium
555 3403 640 3453 Boetli.
659 3398 668 3466 44
687 3402 792 3451 44444444
808 3402 827 3453 0
843 3400 853 3466 44
871 3416 952 3466 quam
968 3404 1108 3467 00040404,
1129 3416 1182 3466 que
1199 3403 1233 3453 0Ω
1250 3399 1261 3469 44
1278 3407 1292 3452 8
1312 3404 1403 3467 qualia

328 3472 465 3536 00040404,
478 3472 552 3536 quali
568 3471 587 3521 0
602 3470 611 3535 44
627 3471 827 3536 apraediorum
840 3470 977 3536 Goescbeo,
989 3471 1175 3535 praeditorum
1188 3470 1207 3521 0
1222 3468 1233 3536 44
1249 3473 1403 3523 4440444404

326 3554 360 3592 ecc
378 3542 497 3591 seruires
520 3544 663 3590 0044004404
683 3539 714 3590 01
740 3536 750 3604 44
779 3543 812 3588 44
832 3540 879 3602 qui
899 3541 1013 3590 4444404444
1034 3553 1082 3592 oin.
1103 3538 1122 3589 0
1149 3535 1159 3604 44
1188 3543 1220 3588 43
1239 3541 1340 3604 accipit
1357 3542 1403 3591 444-

325 3611 417 3672 doris,
436 3607 582 3673 accepitC
609 3605 619 3674 44
647 3607 878 3671 comprehendere
897 3610 1011 3658 4444404444
1039 3603 1050 3674 4
1078 3609 1103 3656 ei
1122 3608 1248 3672 4444404444,
1271 3611 1344 3659 etin
1362 3611 1404 3660 4404

325 3680 351 3728 ei
372 3679 401 3727 in
427 3677 447 3729 0
474 3675 485 3743 44
513 3678 544 3725 44
568 3677 649 3726 datur
674 3673 806 3726 4440044444
839 3676 978 3739 00040400,
1002 3675 1087 3725 dato
1114 3673 1124 3741 44
1153 3679 1185 3725 46
1209 3679 1314 3726 tantum
1337 3678 1403 3728 004-

325 3747 412 3808 40444,
437 3748 602 3796 tantumtum
628 3744 659 3809 0,
689 3746 755 3808 conf.
782 3744 814 3794 0⁵
833 3758 895 3807 pop.
912 3749 963 3796 508
996 3739 1006 3807 44
1035 3747 1135 3792 44-44
1162 3744 1243 3794 Gaius
1265 3748 1331 3796 40440
1347 3747 1404 3808 sere

325 3818 484 3876 cmpressisse
501 3817 616 3864 uidetur:
635 3813 691 3864 sed
708 3814 743 3864 in
759 3812 899 3875 pondere
913 3813 1012 3874 pesum
1034 3825 1097 3860 nam
1115 3815 1143 3861 et
1160 3808 1254 3878 004000
1271 3814 1403 3865 librales

325 3889 413 3934 erant
435 3885 467 3934 04
490 3882 634 3944 dupondii
656 3883 757 3932 bilibres
778 3880 788 3948 44
810 3885 909 3930 44-44
928 3881 993 3942 coos.
1014 3879 1045 3930 04
1066 3877 1076 3944 44
1099 3883 1130 3930 aa
1153 3881 1244 3932 adhuc
1264 3882 1401 3947 00040404,

325 3951 476 4002 0444444400
503 3949 513 4018 44
541 3955 572 4000 44
596 3957 656 4002 cote
678 3951 725 4014 qui
748 3950 831 4001 dabat
852 3950 1023 4011 supplendum
1042 3951 1158 4000 addetur:
1188 3963 1270 4014 quam
1289 3951 1324 4001 ob
1344 3965 1402 4001 rem

325 4021 367 4068 4404
385 4022 467 4070 simile
484 4022 580 4082 aliquid
608 4016 618 4084 44
649 4022 681 4068 44
700 4021 873 4082 enucliatim,
896 4019 962 4078 qood
984 4019 1018 4067 ad
1040 4018 1169 4081 appellati
1191 4022 1255 4068 sunt
1270 4023 1402 4080 perticere

326 4101 408 4149 sopra
437 4091 608 4152 444444004004
637 4093 686 4151 044,
716 4092 805 4136 cirum
828 4088 907 4149 poulo
933 4087 1012 4135 404404
1039 4088 1116 4136 044004
1143 4087 1314 4149 (04044444.
1335 4088 1400 4151 ...4

324 4160 438 4218 potuerit
460 4169 551 4220 4400444,
581 4169 630 4205 404
655 4158 738 4218 liquet.
775 4157 873 4206 Deinde
896 4159 1004 4216 apparet
1026 4156 1184 4216 ecpiieotom
1210 4170 1264 4206 0440
1287 4170 1304 4206 4
1329 4157 1400 4220 0040,
