3190 4868
571 435 655 444 ..-
701 399 761 462 193
804 434 890 445 -
1051 397 1266 459 31333333

193 599 302 672 petere
330 588 457 664 debeat;
489 589 577 650 ouius
606 591 652 649 rei
680 590 778 670 gratia
806 596 974 668 oonparata
1000 594 1146 649 3331333
1173 605 1270 648 33333-

119 680 276 742 itineris
305 683 336 736 et
362 694 475 735 vraver.
520 675 558 735 Et
585 673 714 754 quidem
739 694 790 736 vri
817 693 982 736 rossmnrrs
1004 673 1205 735 interdictum
1228 673 1268 735 de

195 761 284 824 iundi
306 760 360 823 uel
383 760 509 822 aedium
531 763 727 839 possessione
749 760 903 841 redditur,
931 779 1034 821 33333
1056 778 1133 822 3333
1156 758 1196 820 (13
1219 778 1270 820 re-

121 851 185 910 150
195 867 266 908 rum
289 845 453 909 mobilium
474 848 678 926 possessione.
717 847 756 908 Et
778 846 934 927 siquidem
957 846 997 908 de
1020 845 1118 907 fundo
1141 845 1195 906 nel
1218 854 1294 906 ae-t

194 934 289 996 dibus
309 931 322 1011 ΙΙ
341 931 545 1011 interdicitur,
574 952 647 994 eum
669 935 821 1012 potiorem
844 950 914 994 esse
936 939 1062 1012 praetor
1083 931 1187 1009 iubet,
1216 933 1270 1012 331
1279 950 1338 1004 pag.
1352 939 1401 987 133

194 1040 231 1082 33
257 1027 396 1098 tempore
421 1037 482 1098 333
505 1017 705 1080 interdictum
727 1017 872 1080 redditur
894 1020 1008 1079 33331
1028 1036 1088 1080 333
1109 1017 1190 1078 olem
1212 1035 1271 1078 333

192 1107 333 1186 precario
367 1103 408 1164 ab
440 1103 621 1166 aduersario
651 1103 826 1184 possideat,
862 1105 888 1165 si
913 1122 990 1165 uero
1021 1103 1061 1165 de
1089 1121 1123 1164 re
1152 1102 1270 1181 mobili,

194 1211 268 1254 eum
293 1191 446 1269 potiorem
475 1208 544 1252 esse
567 1190 669 1270 iubet,
700 1192 754 1271 qui
776 1192 893 1250 maiore
915 1197 1004 1269 parte
1028 1191 1095 1250 eius
1118 1191 1191 1250 anni
1212 1207 1272 1250 neo

194 1279 227 1338 ui
255 1294 314 1337 333
337 1275 417 1336 olam
438 1294 497 1338 333
519 1278 660 1356 precario
683 1277 723 1338 ab
747 1275 929 1338 aduersario
952 1274 1145 1354 possederit3
1173 1275 1270 1356 idque

121 1363 179 1423 ibt
195 1363 269 1424 satis
297 1362 374 1441 ipsis
397 1362 506 1423 uerbis
529 1363 764 1425 interdictorum
787 1361 987 1443 significatur.
1033 1359 1091 1423 Sed
1112 1361 1145 1420 in
1166 1371 1311 1422 33333313

193 1447 357 1508 interdicto
389 1466 453 1509 non
486 1447 589 1510 solum
623 1467 681 1510 sua
709 1450 823 1529 331333
852 1449 1010 1528 possessio
1036 1445 1179 1526 prodest,
1212 1446 1270 1508 sed

195 1535 288 1595 etiam
311 1533 447 1614 alterius,
472 1552 567 1615 quam
582 1537 699 1596 iustum
722 1541 770 1596 est
785 1537 814 1596 ei
836 1533 994 1612 secedere,
1018 1532 1119 1594 ueluti
1136 1533 1204 1593 eius
1219 1534 1270 1592 331

193 1620 286 1681 heres
310 1621 454 1700 extiterit,
478 1622 611 1702 eiusque
634 1639 652 1682 3
675 1639 737 1701 333
760 1622 871 1682 emerit
891 1619 946 1682 uel
969 1639 1009 1681 ex
1032 1619 1197 1680 donatione
1217 1624 1271 1678 aut

195 1705 275 1767 dotis
298 1707 422 1768 nomine
445 1709 608 1788 acceperit.
646 1707 752 1787 itaque
776 1708 802 1768 si
820 1713 946 1768 nostrae
961 1705 1152 1785 possessioni
1166 1706 1271 1765 innota

195 1791 324 1853 31133133
350 1794 433 1853 13313
461 1793 619 1872 possessio
648 1799 802 1872 exuperat
829 1791 1003 1854 aduersarii
1027 1792 1312 1871 possessionem,⁴⁵

193 1893 251 1938 nos
279 1897 315 1939 eo
345 1878 509 1940 interdicto
536 1881 702 1940 uinoimus.
748 1878 868 1940 nullam
891 1885 996 1939 autem
1017 1878 1177 1958 propriam
1198 1894 1272 1957 pos·

195 1965 367 2026 sessionem
400 1965 528 2026 habenti
561 1967 697 2026 aeoessio
730 1966 879 2044 temporis
908 1983 967 2025 333
996 1963 1090 2025 datur
1115 1981 1175 2024 neo
1203 1962 1272 2024 deri

194 2057 310 2129 potest;
344 2067 417 2110 nam
451 2052 480 2112 ei
513 2051 599 2132 quod
632 2050 756 2112 nullum
790 2057 838 2112 est
867 2049 944 2111 nibil
978 2048 1128 2111 accedere
1158 2057 1269 2130 potest.

195 2134 254 2197 sed
277 2142 308 2198 et
330 2137 356 2197 si
381 2137 526 2202 uitiosum
547 2137 662 2198 habeat
683 2139 930 2217 possessionem,
961 2133 994 2197 id
1018 2141 1065 2196 est
1087 2138 1195 2195 33131
1218 2141 1272 2196 331

195 2221 276 2283 elam
298 2229 352 2282 331
372 2224 513 2302 preoario
536 2222 576 2286 31)
600 2222 782 2285 aduersario
805 2222 1004 2303 adquisitam,
1026 2238 1089 2281 333
1108 2218 1202 2281 datur
1218 2229 1312 2281 33-11

126 2309 309 2384 1523133313
332 2325 405 2369 nom
428 2311 457 2370 31
479 2304 656 2391 (possessio)
681 2326 738 2370 333
760 2307 837 2369 nihil
858 2307 997 2388 prodest.
1034 2304 1143 2368 Annus
1166 2313 1271 2367 autem

11 2389 13 2398 ’
111 2433 113 2441 ,
194 2402 351 2456 retrorsus
373 2402 566 2456 numeratur.
605 2397 711 2476 itaque
727 2395 753 2455 si
767 2401 803 2454 13
817 2393 909 2455 uerbi
925 2394 1023 2474 gratia
1036 2411 1091 2453 rur
1107 2391 1270 2452 mensibus

195 2479 375 2560 possederis
404 2480 577 2560 prioribus,
613 2488 644 2541 31
671 2499 728 2562 ego
749 2499 791 2541 ur
821 2478 1059 2560 posterioribus,
1092 2495 1150 2558 ego
1171 2479 1272 2556 potior

196 2585 260 2646 ero,
290 2565 376 2648 quod
402 2568 498 2627 trium
526 2568 668 2646 priorum
695 2567 850 2628 mensium
876 2566 1034 2645 possessio
1062 2563 1140 2624 nihil
1161 2563 1218 2624 tibi
1240 2565 1272 2624 in

195 2652 254 2713 hoe
286 2652 450 2714 interdicto
479 2651 617 2732 prodest,
653 2650 740 2733 quod
769 2650 897 2714 alterius
926 2652 999 2712 3331
1025 2651 1183 2730 possessio
1214 2657 1313 2710 estse

126 2738 185 2798 153
196 2738 358 2800 Possidere
387 2746 493 2800 autem
520 2737 669 2799 uidemur
697 2756 759 2800 non
789 2735 890 2799 solum
913 2739 939 2798 si
960 2739 1020 2817 ipsi
1042 2734 1269 2816 possideamus,

196 2824 253 2886 sed
277 2827 369 2886 etiam
392 2825 418 2885 si
440 2831 546 2886 nostro
568 2825 693 2886 nomine
716 2823 829 2905 aliquis
852 2825 883 2885 in
905 2823 1102 2903 possessione
1124 2823 1173 2900 sit,
1198 2821 1271 2882 11331

195 2912 221 2970 13
250 2919 357 2972 333133
386 2912 450 2971 iuri
471 2910 632 2973 subiectus
655 2929 717 2971 non
740 2911 791 2990 sit,
825 2908 927 2991 qualis
950 2917 998 2970 est
1020 2907 1149 2969 colonus
1172 2915 1203 2968 et
1225 2909 1272 2968 in-

197 2995 349 3073 33111333
376 3014 435 3075 per
463 3015 517 3058 eos
545 3015 689 3077 quoque,
716 2995 802 3076 apud
830 3013 909 3077 quos
933 2994 1187 3074 deposuerimus,
1218 3001 1313 3054 33111

198 3079 313 3156 quibus
329 3082 641 3162 commodauerimus,
658 3088 713 3143 aut
728 3082 844 3163 quibus
861 3083 1026 3163 gratuitam
1041 3073 1339 3162 habitalitiouempag.
1352 3086 1402 3132 131

199 3261 280 3275 ,ΛΙΧΙᾺΛ

266 3383 282 3445 1
301 3386 349 3434 119
369 3383 439 3434 3331.
457 3387 520 3435 1331.
539 3389 562 3448 1,
582 3391 621 3451 15,
641 3391 669 3437 te
688 3387 701 3453 11
721 3389 803 3450 9111
822 3387 878 3440 1333
896 3407 928 3432 =
947 3389 1010 3439 1331.
1031 3390 1054 3452 1,
1073 3391 1113 3452 ts,
1133 3391 1156 3436 5.

197 3535 767 3557 WVQNVNNWVWNMNWMNQWW

266 3662 282 3708 1
307 3671 347 3709 vri
372 3658 512 3724 Goesobeo,
538 3663 569 3710 ut
596 3661 615 3713 G
642 3660 655 3724 ΙΙ
685 3664 698 3708 ³
721 3663 893 3724 possessione
916 3662 989 3725 1331,
1016 3661 1202 3726 possessioriis
1227 3657 1266 3725 01

198 3741 290 3778 rerum
315 3728 390 3791 lost,
417 3727 514 3778 rebum
540 3728 560 3779 C
587 3729 599 3794 11
629 3733 642 3778 1
665 3731 838 3794 possessione
860 3731 939 3794 lost,
961 3726 1181 3794 possessionem?
1212 3727 1269 3793 0¹1!

199 3797 389 3860 spossederit
410 3796 537 3861 Huschke,
564 3798 686 3864 possidet
710 3796 729 3847 0
755 3797 765 3863 {i
795 3802 824 3848 to
848 3799 915 3863 ipsis
940 3797 1079 3862 Goesobeo,
1107 3799 1193 3862 ipsius
1219 3796 1238 3848 G
1262 3795 1272 3862 ΙΙ

199 3866 247 3914 sed
276 3866 418 3926 Goesebeo,
451 3862 492 3916 si?
525 3865 544 3916 O
571 3864 581 3932 ΙΙ
610 3870 637 3917 11
670 3868 768 3930 331333
797 3866 937 3929 1133331133,
967 3868 1068 3931 quique
1094 3868 1136 3916 331
1162 3878 1271 3930 333333

201 3931 235 3981 0¹¹
263 3930 274 3998 ΙΙ
303 3938 334 3984 11
362 3935 474 3985 31133133
499 3934 640 3996 (13333133,
669 3935 763 3986 3113313
788 3933 807 3984 G
834 3931 1005 4002 1333331333
1030 3935 1171 3999 1133331133,
1199 3936 1271 3985 3331-

199 4001 265 4050 dere
302 4004 322 4054 c
354 3999 364 4070 ΙΙ
398 4007 429 4053 1ο
465 4005 586 4054 33333313
623 4003 698 4068 nam]
732 4001 907 4054 naccessiod?
955 4003 989 4054 Gn
1024 4000 1033 4072 1
1067 4008 1095 4054 11
1134 4005 1271 4068 possessio

199 4071 297 4121 eddidit
325 4070 453 4122 Goesobeo
485 4069 496 4138 ΙΙ
529 4074 560 4122 11
590 4071 684 4136 trium]
719 4074 791 4122 trum
819 4072 839 4124 G
865 4070 875 4138 ΙΙ
904 4076 935 4123 11
964 4074 1044 4124 etiam
1070 4072 1100 4138 C,
1128 4075 1154 4122 et
1177 4073 1239 4124 lost.
1262 4069 1273 4138 ΙΙ

100 4143 103 4150 “
198 4141 469 4258 333333033331331,
493 4142 693 4206 possessionem
721 4141 740 4193 0
766 4137 776 4209 ΙΙ
804 4144 835 4192 11
859 4143 978 4208 istest,
1003 4144 1031 4192 13
1052 4141 1071 4193 C
1094 4141 1103 4208 ΙΙ
1131 4143 1271 4205 13311331,

199 4221 258 4258 rure
298 4247 303 4258 .

250 4305 326 4350 Guvs.
1035 4317 1065 4364 13
1154 4357 1155 4360 ,
