3094 4860
309 369 331 419 11
348 368 512 430 §ets-sto
696 399 782 412 -.
825 367 866 430 94
909 401 994 413 ..-

308 559 391 621 enim
413 559 557 637 interest,
585 565 692 617 utrum
714 555 853 637 legatum
876 555 952 618 dare
974 556 1123 618 iubeatur
1150 557 1257 638 heres,
1287 559 1314 618 si
1337 559 1389 620 ie-

307 646 384 706 oerit
406 643 526 724 aliquid
550 651 686 704 autnon
709 643 826 722 feeerit,
851 661 891 704 au
913 643 1043 706 coheres
1067 644 1096 705 ei
1118 642 1283 722 adiciatur,
1309 646 1388 724 quia

306 739 369 791 tam
396 729 560 792 coheredis
586 728 758 790 adieetione
786 747 881 810 quam
907 729 1002 811 legati
1035 728 1158 790 datione
1186 728 1386 810 conpellitur,

306 824 341 877 ut
363 814 483 896 aliquid
506 822 613 876 eontra
634 817 829 896 propositum
852 831 945 876 suum
968 815 1060 876 faeiat
1081 823 1219 876 autnon
1241 816 1342 876 faeiat.

235 903 295 965 itt
391 902 440 964 An
462 903 499 981 ei,
524 903 632 982 quiin
654 908 807 981 potestate
830 903 869 962 sit
885 903 953 963 eius
969 919 1065 981 quem
1079 901 1231 964 heredem
1248 904 1416 964 institui-s

305 1005 385 1068 mus,
409 994 493 1048 reete
516 987 665 1069 lepemus,
689 989 861 1067 quaeritur.
904 988 1034 1050 Seruius
1056 993 1141 1049 reete
1163 987 1262 1069 legari
1283 996 1386 1070 putat,

305 1074 363 1136 sed
390 1091 580 1136 euanescere
608 1072 759 1155 legatum,
795 1075 821 1134 si
847 1091 910 1153 quo
936 1080 1078 1154 tempore
1109 1072 1177 1135 dies
1207 1072 1387 1154 legatorum

304 1159 418 1222 oedere
441 1158 532 1240 solet,
556 1159 661 1221 adhue
682 1161 714 1219 in
736 1165 887 1238 potestate
909 1160 961 1235 sit;
984 1159 1120 1239 ideoque
1143 1161 1212 1221 siue
1233 1177 1315 1239 pure
1338 1159 1387 1223 le-

304 1254 410 1328 gatum
438 1248 478 1307 sit
503 1254 535 1308 et
563 1248 639 1307 uiuo
664 1252 812 1307 testatore
842 1245 875 1306 in
900 1251 1053 1324 potestate
1080 1245 1207 1308 heredis
1229 1263 1300 1307 esse
1324 1245 1386 1309 de-

304 1333 399 1411 sierit,
424 1333 492 1394 siue
515 1331 576 1393 sub
600 1331 781 1392 condicione
804 1338 835 1392 et
857 1338 928 1392 aute
948 1330 1161 1393 condicionem
1176 1331 1210 1392 id
1225 1331 1384 1412 eooiderit,
1397 1345 1430 1390 4ο

304 1417 415 1480 deberi
437 1417 584 1499 legatum.
630 1416 766 1481 Sabinus
793 1424 825 1478 et
846 1417 971 1480 Cassius
999 1417 1059 1479 sub
1088 1416 1269 1479 ooudioioue
1298 1427 1384 1480 reete

303 1505 416 1586 legari,
446 1521 527 1583 pure
549 1521 611 1564 nou
639 1511 739 1583 reete,
766 1511 891 1582 putant;
918 1502 991 1564 lieet
1018 1505 1101 1565 euim
1127 1505 1202 1564 uiuo
1233 1510 1384 1566 testatore

302 1593 402 1669 possit
430 1589 575 1652 desinere
601 1592 633 1650 iu
659 1596 812 1668 potestate
838 1588 966 1651 heredis
993 1607 1077 1669 esse,
1101 1588 1173 1651 ideo
1199 1597 1304 1651 tamen
1332 1592 1384 1652 in-

303 1677 380 1738 utile
406 1676 545 1757 legatum
571 1674 712 1756 intellegi
742 1683 900 1755 oportere,
935 1677 1009 1756 quia
1040 1675 1127 1756 quod
1158 1675 1263 1738 nullas
1294 1677 1383 1738 uires

302 1762 485 1825 habiturum
507 1762 596 1840 foret,
620 1763 647 1822 si
669 1763 772 1824 statim
794 1769 865 1840 post
886 1769 1108 1823 testamentum
1130 1761 1247 1822 iaotum
1270 1762 1428 1824 deses-ts

303 1851 396 1912 sisset
417 1855 553 1926 testator,
577 1848 635 1908 hoo
657 1846 728 1908 ideo
751 1847 869 1927 ualere,
895 1849 969 1928 quia
990 1850 1087 1908 uitam
1102 1847 1226 1929 longius
1241 1851 1381 1929 traxerit,

303 1934 479 1997 absurdum
501 1941 593 1996 esset.
639 1932 692 1994 sed
717 1932 730 2014 ΙΙ
757 1932 903 1995 diuersae
926 1932 1050 1995 seholae
1072 1941 1216 1996 auctores
1238 1951 1299 1996 neo
1321 1934 1382 1996 sub
1392 1945 1504 2007 papiu

303 2020 483 2082 eondioione
505 2027 590 2081 reete
612 2018 724 2100 legari,
752 2021 839 2100 quia,
868 2037 948 2100 quos
974 2022 1006 2081 in
1034 2027 1187 2100 potestate
1216 2019 1382 2101 habemus,

302 2109 348 2168 eis
370 2125 433 2168 uon
455 2109 553 2188 magis
576 2105 637 2166 sub
660 2105 952 2185 condicionequam
970 2124 1051 2185 pure
1067 2105 1186 2167 debere
1200 2123 1380 2185 possumus.

230 2191 349 2254 245Ex
371 2193 498 2255 diuerso
521 2199 641 2254 constat
662 2191 703 2253 ab
726 2211 763 2252 eo
786 2193 841 2272 qui
863 2193 895 2252 in
916 2198 1070 2271 potestate
1092 2189 1181 2273 (too)
1200 2199 1249 2253 est
1262 2192 1424 2255 heredem

300 2281 440 2340 instituto
469 2285 553 2340 reete
580 2277 638 2339 tibi
662 2277 778 2358 legari3
812 2275 869 2338 sed
892 2278 919 2339 si
944 2285 980 2338 tu
1001 2296 1059 2358 per
1086 2297 1159 2339 eum
1181 2278 1274 2340 heres
1297 2281 1380 2340 exti-

300 2369 384 2446 teris,
409 2382 599 2427 euauesoere
621 2364 774 2446 legatum,
807 2365 882 2444 quia
907 2365 975 2443 ipse
1001 2364 1059 2426 tibi
1088 2363 1227 2444 legatum
1257 2363 1378 2426 debere

300 2471 362 2514 non
389 2454 506 2531 possis;
540 2453 567 2513 si
593 2468 670 2512 uero
697 2449 781 2510 filius
809 2451 1022 2529 emancipatus
1051 2457 1106 2511 aut
1127 2467 1241 2512 seruus
1264 2469 1378 2512 mauu-

300 2541 415 2600 missus
438 2540 498 2600 erit
518 2537 572 2598 uel
597 2539 628 2598 in
651 2535 748 2596 alium
770 2536 953 2614 translatus,
982 2537 1102 2616 etipse
1124 2537 1217 2598 heres
1240 2539 1379 2599 extiterit

300 2624 472 2685 eutalium
494 2624 610 2701 feeerit,
635 2622 746 2684 deberi
768 2621 915 2703 legatum.
1386 2631 1419 2680 st

229 2707 291 2768 246
386 2712 476 2772 Nune
496 2717 693 2770 transeamus
715 2707 757 2769 ad
779 2707 1027 2769 fideicommissa.

197 2789 291 2855 itus
388 2797 425 2856 Et
449 2798 538 2874 prius
567 2795 607 2856 de
633 2793 861 2856 hereditatibus
887 2793 1061 2856 uideamus.
1111 2794 1256 2874 Inprimis
1282 2796 1378 2875 igitur

302 2880 465 2943 sciendum
493 2889 541 2943 est
566 2899 645 2960 opus
669 2898 752 2959 esse,
783 2887 819 2940 ut
841 2879 953 2960 aliquis
975 2881 1067 2942 heres
1090 2888 1174 2942 reoto
1196 2882 1266 2942 iure
1288 2883 1378 2942 insti-

301 2974 408 3028 tuetur
430 2969 562 3047 eiusque
585 2966 660 3028 fidei
682 2968 906 3047 committatur,
937 2973 973 3027 ut
1001 2985 1070 3027 eam
1096 2966 1303 3028 hereditatem
1326 2965 1377 3028 alii

301 3054 461 3128 restituat3
495 3053 633 3132 alioquin
660 3051 770 3113 inutile
793 3059 841 3114 est
865 3059 1103 3131 testamentum,
1129 3054 1161 3113 in
1190 3071 1253 3134 quo
1283 3061 1416 3114 nemost

230 3136 386 3200 249reoto
408 3140 477 3199 iure
499 3139 592 3199 heres
613 3139 792 3198 instituitur.
837 3138 941 3200 Verba
963 3131 1067 3199 autem
1091 3135 1201 3220 [utilia]
1216 3137 1378 3200 fideicom-

301 3227 470 3286 missorum
491 3224 570 3284 haee
594 3220 701 3304 [reete]
729 3225 863 3284 maxime
892 3226 924 3285 in
945 3242 1008 3286 usu
1030 3242 1100 3286 esse
1122 3224 1272 3286 uidentur
1294 3242 1377 3304 erro,

370 3389 447 3493 §itt
470 3449 496 3472 =
518 3431 582 3480 lust.
606 3433 633 3492 2,
657 3431 688 3477 it
707 3442 748 3494 pr.
772 3429 783 3491 ΙΙ
806 3429 888 3490 §stt
909 3429 1069 3493 =1nst.s,
1093 3431 1124 3476 24
1142 3442 1183 3493 pr.
1207 3427 1219 3492 ῃ
1241 3429 1256 3490 ἕ
1276 3431 1325 3480 itt
1345 3447 1376 3472 ε

302 3501 365 3552 inst.
384 3503 408 3565 h,
428 3503 502 3564 it,2
525 3498 538 3562 ΙΙ
560 3498 637 3560 §ste
657 3497 713 3548 iere
731 3517 763 3541 ==
782 3499 845 3547 lust.
866 3501 890 3561 t,
909 3500 949 3560 st,
969 3500 993 3548 8.

373 3709 387 3756 t
406 3707 527 3769 legemus
548 3704 690 3768 Goesoheo,
718 3704 838 3753 leeemus
862 3701 939 3765 0118
958 3713 1009 3763 pro
1033 3702 1131 3752 cedere
1155 3702 1223 3753 solet
1245 3705 1378 3764 repertori

304 3776 413 3828 eederet
428 3777 527 3825 monuit
545 3774 686 3824 anmsen
708 3772 719 3836 4
742 3774 876 3837 potestate
896 3771 1038 3834 Goeseheo,
1055 3774 1118 3834 pote
1139 3769 1159 3820 G
1212 3774 1244 3820 ts
1263 3771 1326 3822 ideo
1344 3785 1379 3822 ea>

304 3845 402 3896 modeo
441 3847 585 3894 correctum
616 3841 636 3892 C
662 3843 672 3904 ΙΙ
700 3844 787 3892 uitam
824 3840 964 3904 Goescteo,
1002 3840 1099 3889 utitem
1136 3838 1156 3890 G
1208 3842 1239 3888 44
1267 3839 1378 3890 sohoiae

307 3914 447 3977 Goescheo,
470 3912 574 3964 siohole
600 3912 619 3963 C
641 3911 653 3975 d
678 3915 709 3960 48
727 3911 825 3976 putant
839 3913 898 3972 post
914 3908 997 3970 legari
1018 3909 1091 3958 addit
1110 3907 1238 3958 Goesoteu
1250 3907 1261 3970 11
1274 3911 1305 3956 ht
1331 3911 1378 3959 tua

304 3984 402 4032 addidit
426 3982 554 4032 Goeseheo
568 3981 580 4044 11
598 3985 629 4029 26
649 3993 721 4030 nune
740 3979 813 4043 lost,
832 3980 896 4028 hino
910 3975 952 4040 041
964 3979 995 4026 st
1015 3976 1213 4028 hereditatibus
1228 3973 1254 4040 C,
1272 3976 1379 4027 heredi·

304 4050 406 4100 tatibus
431 4049 694 4100 fideicommissariis
722 4049 782 4098 lust.
803 4046 815 4111 ῃ
839 4051 871 4097 28
893 4046 973 4096 heres
994 4048 1068 4096 recto
1087 4047 1146 4096 iure
1167 4044 1193 4110 G,
1220 4049 1296 4096 reeto
1318 4047 1378 4096 iure

304 4121 464 4169 testamento
494 4119 574 4169 heres
602 4119 662 4169 inst.
686 4118 698 4182 d
722 4121 754 4168 2⁹
781 4117 966 4166 committatur
987 4115 1061 4179 inst,
1085 4113 1307 4164 committebatur
1334 4109 1378 4182 04

251 4228 253 4234 ,
305 4190 332 4237 st
356 4190 430 4237 recto
448 4188 507 4236 iure
527 4185 554 4250 G,
573 4199 621 4237 om.
640 4187 701 4237 lost.
714 4185 815 4250 iutilia
837 4185 871 4249 G,
887 4198 934 4234 om.
954 4181 1091 4249 tortiles
1110 4184 1183 4234 reete
1203 4183 1229 4247 t',
1246 4195 1295 4232 om.
1315 4183 1377 4234 inst.
