3084 4868
652 387 833 440 *Viti
877 408 955 422 --·-

303 568 338 628 ln
361 565 584 628 constituendo
602 573 751 628 contento
776 573 902 646 praeter
930 567 1145 649 apographum
1173 586 1282 630 meum
1310 569 1399 632 adisi-

218 655 345 735 buimuq
368 651 518 732 subsidia,
549 667 631 733 quae
653 655 686 745 ip
712 653 810 714 iscius·
833 653 1038 733 praelationis
1061 655 1147 716 initio
1176 655 1398 734 indimmmus3

217 743 254 802 in
274 741 322 801 his
350 741 525 819 principem
553 738 659 800 locam
683 738 827 800 adliliri
854 740 1061 802 crannonem
1083 741 1301 821 imperfectam
1322 761 1399 823 sup-

215 825 367 906 plendam
391 825 444 887 uel
467 824 675 904 deprauatam
695 825 911 907 corrigendam
939 821 1047 888 renem
1073 843 1129 888 eae
1154 828 1326 907 particulae
1350 823 1400 890 inss

153 953 156 962 =
214 913 412 973 stitutionem
440 911 643 991 Gaianarum,
677 914 761 999 fiae
789 913 820 972 in
848 911 1008 974 iustiniani
1034 915 1167 994 Digestis
1195 915 1399 977 Institutione

213 998 321 1060 besue
343 997 500 1079 leguntur.
547 997 670 1070 Quodsi
690 1014 772 1078 qaae
795 997 1023 1078 discrepantiae
1046 999 1186 1061 leodonis
1213 1002 1246 1062 in
1271 1003 1294 1062 G
1315 1009 1347 1063 et
1367 1001 1399 1062 in

215 1101 279 1146 uno
302 1083 446 1146 alteroue
466 1102 506 1145 ex
527 1083 590 1145 illis
614 1083 764 1146 subsidiis
787 1083 913 1145 obuiam
936 1085 1063 1166 fiebant,
1087 1103 1168 1166 quaa
1187 1095 1347 1169 utraeque
1358 1084 1399 1149 ad

214 1172 365 1231 orationis
387 1170 523 1232 Gaianae
544 1169 684 1232 indolem
700 1167 903 1251 quadrarent,
927 1171 1044 1233 codicis
1062 1172 1265 1234 Gleotionem
1277 1175 1310 1235 in
1326 1189 1400 1235 con-

215 1264 341 1318 tentum.
359 1258 547 1336 recepimus.
593 1255 739 1318 Ceterum
766 1257 798 1318 in
826 1257 911 1318 huno
937 1257 1079 1319 codicem
1104 1258 1263 1338 permulta
1284 1259 1398 1322 mendo

215 1343 382 1404 influxisse
409 1349 442 1404 et
468 1343 684 1424 apographum
712 1359 818 1404 meum
849 1345 993 1424 quisquis
1021 1343 1123 1405 obiter
1155 1345 1326 1426 perlegerit
1351 1347 1398 1408 in-

214 1427 375 1510 tellegctli
398 1435 430 1492 et
452 1429 636 1490 confirmant
658 1428 810 1509 subsidia,
823 1429 879 1489 illa
900 1431 931 1490 in
954 1431 1000 1491 eis
1028 1429 1121 1510 locis,
1150 1431 1192 1492 ad
1218 1450 1300 1512 quae
1321 1433 1400 1495 neec

215 1522 331 1576 extum.
376 1512 484 1596 Atque
503 1522 538 1576 ut
561 1515 698 1576 omittam
721 1515 956 1596 neglegentium
978 1515 1178 1578 librariorum
1194 1517 1321 1579 calamis
1336 1535 1399 1580 non

213 1617 319 1682 pauca
337 1601 511 1662 uerborum
533 1608 672 1662 monstra
695 1601 859 1680 exedisse,
885 1609 919 1662 ut
941 1603 1078 1662 omittam
1100 1603 1203 1664 uerba
1223 1600 1303 1666 eade
1358 1605 1398 1666 ab

212 1687 419 1748 oscitantibus
453 1687 626 1748 artificibus
652 1685 706 1747 uel
733 1689 837 1768 potius
868 1687 1033 1767 opificibus
1064 1705 1164 1767 saepe
1189 1689 1230 1749 ad
1256 1621 1397 1752 taedium

212 1791 318 1854 usque
341 1775 482 1854 repetita,
508 1775 567 1834 trio
587 1775 785 1852 potissimum
809 1783 883 1835 sunt
904 1791 1023 1854 genera
1043 1773 1230 1835 mendorum
1252 1775 1284 1836 in
1302 1777 1333 1856 0,
1357 1776 1397 1838 de

212 1859 333 1940 quibus
354 1859 405 1920 hic
427 1859 569 1920 breuiter
592 1857 762 1920 dicendum
785 1867 847 1920 est:
871 1866 926 1921 aut
948 1861 1030 1921 enim
1053 1860 1238 1940 compendia
1262 1863 1398 1942 scriptu-

213 1963 282 2024 rae,
309 1961 390 2026 quae
413 1947 445 2005 in
468 1945 575 2006 codice
597 1943 651 2006 illo
675 1946 843 2026 archetypo
867 1945 1024 2025 enudant,
1055 1965 1094 2008 ex
1124 1965 1186 2027 quo
1209 1948 1397 2010 Veronensis

214 2031 393 2110 descriptus
420 2039 483 2110 est,
518 2031 612 2092 foede
639 2032 747 2092 uitiata
774 2040 861 2111 sunt,
897 2039 952 2092 aut
978 2032 1096 2093 scholia
1118 2035 1186 2094 siue
1210 2033 1398 2114 glossemata

212 2136 299 2198 quae
319 2114 394 2178 olim
415 2119 447 2178 iu
470 2119 610 2199 margine
633 2117 687 2178 uel
710 2119 791 2179 intra
813 2135 928 2180 uersus
952 2117 1109 2198 adscripta
1132 2127 1236 2198 erant,
1265 2121 1297 2182 in
1324 2139 1396 2182 uer·

213 2203 327 2264 buum
350 2211 530 2265 contentum
551 2205 757 2284 irrepserunt,
787 2211 841 2264 aut
862 2205 956 2284 plura
977 2204 1079 2267 uerba
1100 2212 1230 2286 propter
1252 2207 1398 2268 homoeo-

212 2289 352 2351 teleuton
386 2289 622 2352 interciderunt.
674 2293 756 2352 liaeo
781 2293 978 2371 potissimum
1007 2308 1138 2354 necesse
1168 2299 1217 2353 est
1241 2311 1335 2354 nosse
1367 2300 1398 2353 et

211 2375 314 2438 animo
348 2391 474 2456 semper
507 2379 638 2458 agitare,
672 2377 728 2438 ubi
754 2379 785 2438 in
816 2375 1014 2439 emendando
1043 2379 1113 2438 loco
1139 2375 1244 2458 aliquo
1276 2378 1396 2438 difficili

210 2469 308 2544 atque
332 2463 498 2543 scopuloso
521 2465 669 2524 censeris.

212 2589 214 2594 ·
296 2547 342 2610 Ac
363 2557 449 2610 certa
471 2549 539 2612 iore
562 2549 781 2610 emendatione
803 2549 895 2630 longe
918 2548 1073 2628 plurimae
1101 2565 1210 2608 earum
1233 2555 1395 2627 corrupte-
1508 2624 1510 2628 .

210 2635 314 2696 larum
347 2635 420 2696 libri
449 2637 473 2695 0
497 2638 601 2696 sanari
629 2642 777 2714 possunt,
812 2652 895 2714 quae
928 2651 968 2694 ex
1001 2636 1175 2713 scripturae
1202 2633 1394 2713 compendiis

211 2722 395 2800 saepissime
418 2721 568 2781 adhibitis
590 2728 676 2780 ortae
699 2727 785 2795 sunt3
820 2727 936 2780 certam
965 2720 1048 2779 enim
1070 2719 1222 2780 rationem
1245 2727 1394 2801 certaque

210 2813 379 2884 praecepta
402 2805 579 2866 librariolos
602 2808 633 2866 in
656 2805 844 2867 adhibendis
868 2807 947 2865 notis
971 2803 1043 2864 olim
1071 2811 1195 2866 secutos
1224 2823 1294 2867 esse
1323 2825 1396 2868 con-

211 2897 280 2951 stat.
325 2889 429 2970 Atque
458 2909 530 2952 cum
560 2893 585 2952 is
614 2891 727 2971 codex,
763 2901 803 2951 ex
830 2910 892 2974 quo
919 2892 1108 2952 Veronensis
1136 2890 1313 2971 descriptus
1337 2900 1394 2972 est,

210 2972 404 3036 illiusmodi
430 2976 623 3056 compendiis
647 2979 715 3040 siue
738 2977 818 3038 notis
842 2975 1058 3056 abundaretli,
1090 2977 1207 3038 factum
1236 2984 1285 3038 est
1310 2985 1346 3040 ut
1367 2981 1394 3040 is

211 3061 268 3141 qui
288 3061 503 3123 veronensem
525 3065 681 3140 exorauit,
711 3081 782 3124 cum
805 3063 837 3123 in
860 3081 896 3122 eo
920 3061 1007 3143 quod
1029 3062 1237 3141 profitebatur
1258 3083 1321 3126 nou
1344 3083 1396 3126 ae-

210 3166 275 3227 que
297 3155 391 3228 atque
419 3149 611 3228 antiquiores
633 3149 744 3208 notarii
767 3147 952 3226 excelleret,
984 3147 1061 3210 alias
1087 3157 1177 3210 notas
1198 3150 1280 3211 male
1303 3151 1395 3211 intel-

210 3231 307 3294 lectas
334 3233 412 3294 falso
440 3233 627 3314 explicaret,
662 3233 739 3296 alias
772 3251 844 3294 oum
877 3233 1032 3296 similibus
1065 3237 1146 3296 notis
1180 3244 1393 3297 commutaret.

211 3317 310 3381 Huius
334 3321 458 3400 generis
482 3319 730 3399 corruptelarum
753 3319 962 3400 plurimarum
985 3321 1118 3402 origines
1136 3329 1172 3382 ut
1186 3329 1394 3410 monstrarem

1242 3458 1394 3468 ---·—-

280 3507 303 3571 5)
323 3508 396 3558 Cani.
419 3508 451 3558 Gi
469 3518 589 3573 prooem.
609 3521 667 3572 pag.
681 3523 738 3558 xxix
755 3523 810 3572 seq.

209 3601 215 3608 -
278 3581 302 3639 t)
320 3576 483 3628 abundasse
508 3576 632 3628 codicem
655 3579 845 3642 archetypum,
870 3591 902 3627 en
920 3591 973 3642 quo
992 3579 1154 3629 Veronensis
1172 3579 1327 3643 descriptus
1343 3581 1393 3643 est,

206 3646 362 3710 scripturae
387 3647 557 3712 compendiis
581 3658 643 3696 eum
667 3659 717 3710 per
740 3659 769 3698 so
792 3648 882 3712 palam
898 3650 948 3728 ⁸est
971 3649 1028 3696 turn
1052 3649 1110 3712 ipse
1133 3648 1189 3697 dixi
1212 3649 1242 3696 in
1259 3647 1394 3711 prooemii

206 3715 457 3834 :sistitis
475 3715 1392 3850 titisildiris„&trististristisadilatimini

209 3853 301 3902 autem
320 3851 438 3917 tuisse,
459 3865 515 3903 non
533 3865 606 3904 csse
625 3853 697 3918 ideo,
716 3856 780 3918 quia
799 3854 886 3904 codex
904 3854 1068 3918 archetypus
1087 3853 1168 3903 hodie
1186 3865 1241 3903 nou
1259 3855 1391 3918 superest

207 3915 298 3970 Verba
322 3931 385 3972 mee
407 3922 486 3971 aliter
508 3923 641 3972 intellexit
658 3925 677 3972 1.
695 3923 723 3973 Β.
739 3924 871 3974 Polenaar
892 3924 920 3972 in
940 3924 1114 3986 Mnemosyne
1132 3921 1203 3986 (nou.
1221 3935 1273 3974 sor.
1291 3923 1347 3974 uel.
1366 3935 1392 3972 ir

208 4001 270 4052 pag.
284 3993 331 4038 tit
351 3989 447 4054 seqq),
471 3992 550 4055 quasi
567 3992 697 4042 dixissem
714 3993 893 4056 archetypum
912 4005 972 4042 eam
990 3993 1106 4042 aetatem
1125 3993 1315 4058 antecessisse,
1339 4005 1392 4056 qua

209 4058 300 4108 studia
313 4059 425 4108 notandi
438 4060 587 4117 laedssimo
598 4061 729 4126 uigerent.
754 4063 836 4112 Recte
850 4071 894 4110 me
907 4061 941 4110 de
953 4065 1080 4110 notarum
1092 4061 1120 4109 ln
1133 4059 1229 4110 codiee
1241 4061 1391 4126 archetypo

208 4124 362 4245 irqqoeqtis
386 4127 523 4179 iudicasse
545 4127 625 4179 docet
648 4141 726 4179 iuosx
748 4141 866 4180 seranni
893 4128 1050 4196 apographo
1074 4139 1136 4179 meo
1161 4129 1229 4194 [pag.
1245 4129 1390 4192 tet—tta)
1461 4124 1466 4135 '

203 4207 241 4245 su
263 4209 305 4246 sec
319 4209 357 4246 us.
