3094 4860
181 413 183 416 .
291 365 494 427 44444-444
679 398 761 409 -.-
806 365 847 428 90
891 399 975 412 ...-

289 572 384 634 44444
414 553 565 632 consequi
591 569 661 612 eum
691 554 741 614 cui
771 555 812 614 ita
841 553 938 616 fuerit
963 553 1102 634 legatum
1130 572 1225 634 quum
1251 553 1368 616 iudicio

291 639 426 702 familiae
449 637 662 716 erciscundae,
687 637 772 718 quod
795 641 876 700 inter
897 638 1032 702 heredes
1056 640 1096 702 de
1119 638 1293 702 hereditate
1307 659 1370 702 -er-

291 724 455 802 ciscunda,
486 723 519 785 id
548 731 596 786 eat
618 723 803 803 diuidunda,
834 727 932 804 accipi
961 724 1055 801 solot3
1090 725 1191 786 officio
1214 729 1298 788 enim
1320 728 1370 787 iu·

293 812 369 874 dicis
392 810 425 872 id
447 810 612 888 contineri,
642 817 678 870 ut
706 812 735 871 ei
762 809 846 890 quod
874 829 932 890 per
953 813 1207 890 praeceptionem
1229 811 1371 893 legatum

218 901 341 963 220444
369 896 575 958 adiudicatur.
619 895 709 958 Vnde
737 896 948 977 intellegimus
977 897 1054 958 nihil
1081 897 1168 958 aliud
1192 897 1396 960 secunduma

291 990 470 1046 nostrorum
491 988 731 1062 praeceptorum
760 984 937 1062 opinionem
963 1001 1022 1062 per
1047 986 1300 1063 praeceptionem
1323 983 1371 1045 le·

292 1071 357 1150 geri
385 1087 494 1148 posse,
530 1069 589 1130 nisi
618 1067 705 1148 quod
730 1070 887 1133 testatoris
916 1070 970 1146 sit;
1001 1069 1091 1130 nulla
1118 1071 1201 1132 enim
1229 1069 1291 1130 alia
1316 1088 1370 1132 res

292 1174 386 1236 quam
408 1154 595 1218 hereditaria
618 1153 785 1216 deducitur
807 1156 838 1216 in
861 1155 920 1216 hoc
940 1154 1101 1216 iudicium.
1141 1157 1248 1236 itaqua
1264 1157 1371 1217 sinon

292 1259 381 1302 suam
402 1259 470 1302 rem
497 1259 533 1302 44
560 1239 653 1302 modo
675 1247 804 1302 testator
825 1239 988 1322 legauerit,
1008 1239 1020 1323 ΙΙ
1040 1244 1108 1303 4444
1132 1241 1261 1322 quidem
1284 1242 1372 1302 ciuili
1381 1263 1449 1316 pag.
1464 1255 1510 1300 444

290 1327 400 1389 4444414
423 1329 483 1388 4444
503 1326 658 1406 legatum,
683 1325 740 1388 sed
762 1345 803 1389 44
825 1327 1096 1389 senatusconsulto
1122 1327 1369 1390 confirmabitur.
1383 1341 1416 1386 lo

290 1413 394 1494 aliquo
416 1421 521 1474 tamen
543 1429 619 1472 casu
642 1413 734 1473 444444
757 1412 890 1474 alienam
912 1431 980 1473 rem
1002 1411 1094 1493 (per)
1116 1415 1371 1494 praeceptionem

290 1499 390 1582 legari
421 1516 517 1578 posse
550 1498 699 1574 fatentur;
734 1498 833 1559 ueluti
860 1501 886 1560 si
913 1500 984 1578 quis
1011 1517 1081 1560 eam
1109 1517 1177 1560 rem
1203 1500 1369 1580 legauerit,

289 1604 386 1666 quam
410 1584 556 1646 creditori
578 1583 712 1644 fiduciae
741 1601 836 1646 causa
861 1586 1015 1664 mancipio
1039 1583 1175 1662 dederit;
1203 1604 1277 1647 nam
1300 1585 1371 1647 offi-

291 1674 338 1733 cio
360 1671 472 1734 iudicis
495 1669 667 1732 coheredes
691 1671 758 1750 cogi
779 1687 874 1750 posse
902 1671 1080 1732 existimant
1102 1671 1208 1732 soluto
1229 1674 1371 1750 pecunia

292 1758 380 1819 luere
404 1776 473 1818 4444
495 1775 572 1836 rem,
595 1763 631 1816 ut
651 1757 751 1834 possit
770 1757 953 1836 praecipere
976 1758 1004 1818 44
1027 1758 1078 1818 444
1100 1758 1142 1817 444
1163 1756 1303 1838 legatum
1319 1759 1417 1833 sit.45

199 1845 276 1908 ,224
293 1843 358 1905 Sed
386 1842 534 1904 diuersae
562 1841 682 1904 scholae
711 1849 854 1904 auctores
880 1850 992 1922 putant
1021 1844 1114 1904 etiam
1141 1851 1289 1906 44444444
1311 1863 1372 1923 444

291 1931 545 2009 praeceptionem
566 1927 664 2008 legari
685 1945 779 2007 posse
801 1927 934 2008 proinde
953 1947 990 1990 ac
1005 1931 1031 1989 si
1046 1931 1088 1989 444
1103 1929 1260 1991 scribatur
1275 1949 1372 1990 444444

292 2033 426 2076 nourrius
447 2017 579 2075 ’44444444
601 2031 721 2092 444444,
752 2032 951 2094 4444444444
982 2014 1102 2076 adiecta
1130 2034 1203 2076 4444
1227 2015 1370 2096 syllabc3

292 2101 428 2180 ideoque
449 2119 508 2180 per
529 2098 771 2162 uindicationem
794 2119 860 2162 eam
883 2119 948 2162 44444
969 2099 1103 2181 legatam
1125 2100 1238 2162 uideri.
1288 2120 1372 2182 quae

292 2189 446 2248 sententia
468 2185 582 2248 dicitur
605 2185 670 2247 diui
685 2185 833 2248 Hadriani
855 2188 1070 2250 constitutione
1092 2187 1272 2248 confirmata
1289 2206 1370 2250 esse.
1383 2215 1415 2260 20

220 2273 474 2337 222844444444
496 2273 577 2334 hano
602 2273 697 2352 igitur
719 2273 895 2351 opinionem
923 2275 949 2334 si
979 2290 1089 2334 44444
1113 2292 1153 2333 ex
1174 2275 1244 2334 iure
1267 2273 1373 2345 Quiri-

292 2362 370 2422 tium
400 2359 539 2421 defuncti
568 2359 678 2438 fuerit,
708 2365 850 2438 4444444
879 2357 1027 2440 legatario
1050 2357 1217 2438 uindicari,
1246 2361 1317 2422 4444
1343 2362 1371 2422 44

292 2463 375 2508 unus
399 2465 440 2508 ex
461 2444 634 2507 heredibus
657 2445 697 2506 sit
718 2445 786 2506 siue
810 2451 995 2520 extraneus3
1019 2443 1134 2524 quodsi
1148 2446 1180 2505 in
1194 2444 1286 2506 bonis
1301 2453 1370 2506 tan·

291 2540 359 2594 tum
380 2533 535 2594 testatoris
558 2531 667 2609 fuerit,
699 2538 847 2591 44444444
876 2530 1006 2610 quidem
1035 2549 1075 2592 44
1098 2529 1370 2594 senatusconsulto

291 2618 369 2680 utile
393 2620 452 2680 erit
473 2618 621 2698 legatum,
645 2616 755 2678 heredi
777 2634 855 2678 uero
877 2616 1013 2678 familiae
1037 2616 1240 2678 erciscundae
1255 2617 1370 2679 iudicis
1384 2644 1417 2691 25

293 2704 394 2764 officio
416 2703 641 2784 praestabitur;
666 2702 780 2782 quodsi
801 2701 888 2764 nullo
911 2704 980 2764 iure
1002 2702 1097 2764 tuerit
1117 2704 1283 2783 testatoris,
1308 2711 1373 2764 tam

221 2788 282 2850 223
292 2789 402 2852 heredi
425 2809 520 2870 quam
542 2796 691 2850 44444444
714 2807 754 2848 44
776 2787 1046 2852 senatusconsulto
1069 2788 1147 2849 utile
1177 2790 1245 2850 erit.
1296 2790 1371 2852 Siue

291 2882 397 2936 tamen
411 2873 584 2937 heredibus
600 2873 775 2936 secundum
791 2881 967 2936 nostrorum
984 2875 1170 2954 opinionem,
1193 2877 1261 2936 siue
1278 2877 1373 2936 etiam

293 2962 449 3022 extraneis
473 2959 648 3021 secundum
670 2958 797 3020 illorum
820 2963 1006 3040 opinionem,
1034 2959 1159 3022 duobus
1181 2959 1372 3038 pluribusne

293 3044 404 3108 eadem
427 3064 478 3107 444
501 3047 687 3106 coniunctim
710 3053 764 3106 aut
786 3045 963 3147 (4444444444
986 3046 1089 3128 legata
1116 3046 1224 3126 fuerit,
1255 3047 1374 3128 singuli
1385 3072 1417 3118 44

291 3127 428 3215 41444444
450 3131 568 3193 habere
592 3130 717 3193 debent.
1381 3167 1451 3220 pag.
1469 3163 1531 3211 lla

221 3216 283 3278 224
379 3215 428 3298 [ln
443 3235 538 3277 444444
553 3235 720 3277 4444444444.
746 3215 787 3298 la]
824 3217 888 3279 Sed
902 3217 976 3278 ob'm
991 3216 1121 3298 quidem
1136 3217 1253 3280 licebat
1267 3225 1369 3280 totum

292 3305 513 3384 patrimonium
527 3303 638 3384 legatis
654 3309 748 3383 atqua
763 3302 962 3366 libertatibus
978 3321 1108 3384 erogare
1126 3321 1185 3366 nec
1201 3305 1372 3386 (pricquam

293 3488 1373 3506 mmmvxwxwwvmmmmxwmwwxmxmxxxmvmmmwm

363 3633 373 3678 4
397 3643 459 3680 cum
485 3629 627 3693 Goeaohco,
650 3641 713 3680 cnm
739 3627 759 3680 0
781 3627 792 3691 ΙΙ
815 3625 897 3678 444444
921 3626 1061 3690 4444444444,
1088 3625 1188 3678 4444444
1211 3625 1231 3678 O
1253 3627 1265 3691 4
1288 3641 1371 3692 (44444

296 3699 436 3763 (44444444,
464 3699 537 3762 quod
564 3695 617 3761 044
642 3701 668 3746 44
697 3697 787 3759 aliquo
812 3695 953 3760 Goeacbao,
980 3695 1091 3759 aliquod
1122 3695 1175 3759 Gli
1199 3708 1248 3760 per
1273 3697 1373 3748 addidit

295 3766 458 3831 (4444444441
483 3770 583 3818 ll—lt
606 3766 695 3816 soluta
721 3766 837 3830 pecunia
865 3765 940 3815 luere
962 3765 1122 3830 4444444444,
1150 3763 1267 3815 solutam
1290 3777 1373 3829 pecu·

293 3837 365 3886 niam
396 3836 504 3886 soluere
536 3835 556 3887 G
578 3834 589 3898 41
613 3837 645 3885 45
677 3835 833 3899 praecipere
862 3835 886 3884 ts
918 3833 1059 3896 doctriua,
1088 3834 1230 3898 percipere
1259 3835 1284 3884 ei
1318 3832 1338 3884 C
1364 3830 1375 3899 ΙΙ

293 3908 326 3954 46
345 3905 394 3956 sed
418 3905 554 3970 Goescbec,
577 3904 611 3954 ed
636 3901 681 3969 ΟΙΙ
699 3903 824 3954 diuersae
853 3901 963 3952 scholae
995 3901 1135 3966 Goeaclea,
1165 3900 1270 3952 diuolsa
1302 3902 1374 3952 soles

295 3971 349 4036 014
373 3976 405 4022 48
428 3974 533 4038 syllaba
558 3973 698 4037 Goaachaa,
724 3971 845 4036 syllabae
869 3969 905 4020 Gi
928 3969 939 4032 ΙΙ
963 3973 994 4020 lt
1018 3971 1212 4021 constitutione
1236 3970 1374 4034 Goeacltaa,

293 4043 514 4093 constitutionem
546 4041 566 4092 C
592 4040 604 4105 14
632 4044 664 4090 44
692 4041 784 4105 444444
820 4039 960 4102 (44444444,
995 4051 1074 4103 44444
1105 4038 1125 4090 C
1152 4040 1163 4103 ΙΙ
1191 4042 1222 4088 tt
1254 4041 1315 4090 siue
1346 4037 1373 4103 C,

293 4109 316 4159 si
347 4110 488 4160 Mommsen
516 4109 527 4173 ΙΙ
558 4113 589 4159 aa
624 4110 689 4160 olim
726 4109 867 4172 Gocaobea,
898 4107 973 4158 olum
1006 4106 1025 4158 0
1051 4106 1063 4170 ΙΙ
1090 4107 1192 4158 licebat
1225 4120 1259 4158 ec
1295 4109 1374 4158 liceat

294 4181 436 4227 correctum
457 4179 482 4229 C.
