3084 4868
341 325 350 373 1
369 324 496 385 sca—st
725 359 810 368 .-
857 325 902 388 15·
940 357 1025 368 ....

339 512 393 574 uel
419 513 500 574 inter
527 530 622 572 auum
650 520 681 574 et
706 521 847 593 neptem3
876 519 907 574 et
934 515 960 572 si
988 513 1067 574 tales
1095 532 1248 592 personae
1275 518 1356 576 inter
1377 533 1410 576 se

339 601 477 678 coierint,
500 598 635 659 nefarias
655 594 665 680 [4
686 606 717 659 et
738 602 871 662 incestas
894 601 1019 678 nuptias
1042 602 1233 662 contraxisse
1257 600 1501 679 dicunturpagu

339 685 470 746 ethaeo
492 684 570 746 adeo
593 687 635 744 ita
658 691 743 763 sunt,
772 693 807 746 ut
830 687 975 766 quamuis
998 703 1056 765 per
1079 685 1276 765 adoptionem
1300 705 1412 766 paren·

338 779 405 832 tum
427 769 641 832 liberorumne
663 770 730 831 loco
754 771 814 832 sibi
837 789 908 832 esse
929 774 1097 850 coeperint,
1120 790 1181 832 non
1198 773 1320 852 possint
1334 776 1412 834 inter

339 876 373 918 se
406 859 600 917 matrimonio
634 860 793 938 coniungi,
832 859 863 918 in
895 864 1031 935 tantum,
1067 865 1102 918 nt
1135 860 1228 919 etiam
1262 858 1432 920 dissolutas
1515 931 1516 940 ,

339 942 505 1022 adoptione
532 941 617 1004 idem
645 945 722 1004 iuris
749 950 888 1018 maneat;
916 945 1022 1023 itaque
1050 961 1129 1023 eam,
1158 963 1240 1024 qnae
1262 947 1338 1005 mihi
1357 963 1412 1024 per
1515 941 1516 962 i

339 1028 538 1108 adoptionem
560 1029 640 1089 filiae
667 1037 721 1090 aut
741 1031 844 1108 neptis
867 1028 935 1089 loeo
959 1047 1029 1089 esse
1052 1032 1198 1109 coeperit,
1222 1049 1285 1091 non
1306 1038 1411 1110 potero

289 1117 468 1176 dbuxorem
494 1114 624 1194 ducere,
656 1117 801 1195 quamuis
829 1133 898 1176 eam
925 1117 1196 1195 emancipanerim.
1249 1118 1335 1178 Inter
1359 1135 1410 1177 aas

339 1219 467 1282 quoque
490 1219 651 1280 personas,
675 1220 757 1282 quae
774 1220 815 1262 ex
833 1209 1014 1262 transuerso
1031 1201 1132 1281 gradu
1147 1205 1330 1282 cognatione
1345 1205 1412 1263 iun-

339 1294 470 1367 guntur,
506 1294 553 1348 est
586 1287 743 1367 quaedam
776 1286 883 1348 similis
917 1286 1110 1367 obseruatio,
1145 1287 1292 1350 sednon
1320 1297 1446 1350 tantam
1515 1339 1516 1364 ,

288 1375 322 1435 64
338 1391 413 1434 sane
435 1376 517 1434 iuter
539 1373 666 1434 fratrem
690 1382 721 1434 et
743 1391 882 1433 sororem
903 1372 1079 1452 prohibitae
1096 1380 1170 1434 sunt
1183 1377 1323 1454 nuptiae,
1346 1377 1410 1436 siue
1515 1367 1516 1390 ¹

339 1458 450 1520 eodem
480 1467 569 1539 patre
596 1458 772 1540 eademque
799 1466 897 1519 matre
924 1462 988 1520 nati
1011 1460 1142 1538 fuerint,
1171 1463 1240 1521 sine
1263 1459 1409 1522 alterutro

338 1563 461 1606 eorum:
489 1545 546 1606 sed
574 1547 600 1606 si
627 1563 689 1626 qua
716 1564 775 1625 per
801 1543 1000 1624 adoptionem
1028 1563 1116 1605 soror
1143 1546 1218 1606 mihi
1245 1565 1317 1607 esse
1344 1565 1411 1607 coe·

336 1635 432 1711 perit,
462 1630 614 1712 quamdiu
643 1631 771 1712 quidem
795 1637 916 1692 constat
938 1630 1080 1710 adoptio,
1109 1649 1185 1692 sane
1207 1633 1289 1692 inter
1311 1652 1360 1692 me
1383 1638 1411 1692 et

338 1735 406 1778 eam
432 1719 561 1798 nuptiae
583 1736 645 1778 non
667 1724 800 1796 possunt
822 1719 1006 1792 consistere;
1034 1735 1106 1778 cum
1128 1735 1204 1778 uero
1227 1736 1287 1796 per
1310 1735 1443 1780 eman-ts

338 1806 523 1883 cipationem
550 1802 676 1883 adoptio
704 1802 856 1864 dissoluta
884 1805 938 1882 sit,
968 1809 1076 1883 potero
1106 1821 1175 1864 eam
1198 1822 1330 1865 uxorem
1354 1803 1409 1864 du·

338 1907 424 1967 oere3
457 1889 515 1951 scd
543 1897 574 1950 et
602 1892 627 1950 si
651 1908 708 1970 ego
732 1891 944 1968 emancipatus
967 1889 1072 1967 fuero,
1104 1889 1182 1950 nihil
1204 1889 1408 1968 inpedimento

288 1978 397 2038 62erit
429 1977 556 2056 nuptiis.
606 1977 720 2038 Fratris
754 1975 849 2035 filiam
882 1992 1014 2035 uxorem
1047 1974 1164 2036 ducere
1191 1974 1280 2055 licet,
1316 1975 1408 2055 idque

337 2064 474 2142 primum
489 2065 522 2121 in
537 2079 631 2123 nsum
647 2064 742 2140 uenit,
766 2080 838 2122 cum
854 2060 948 2123 diuus
964 2060 1114 2124 Claudius
1131 2059 1336 2141 Agrippinam
1351 2062 1408 2121 fra·

336 2150 392 2208 tris
415 2150 464 2209 sui
486 2148 582 2208 filiam
606 2167 736 2208 uxorem
759 2147 915 2222 duxisset3
939 2149 1055 2207 sororis
1075 2165 1153 2207 uero
1168 2147 1264 2206 filiam
1281 2163 1441 2208 uxoremst

338 2233 456 2296 ducere
477 2253 540 2294 non
562 2233 643 2295 licet.
682 2241 713 2295 et
735 2234 812 2294 haec
833 2236 876 2301 ita
896 2232 1123 2312 principalibus
1139 2233 1406 2295 constitutionibus

287 2321 326 2381 63
338 2321 560 2401 significantur.
583 2316 593 2403 ss
614 2317 694 2381 Item
717 2322 841 2380 amitam
865 2325 896 2380 et
918 2326 1117 2379 materteram
1142 2337 1271 2380 uxorem
1296 2320 1495 2400 ducerepagu

336 2425 399 2468 non
413 2407 495 2468 licet.
519 2410 594 2468 item
610 2425 678 2467 eam
695 2407 867 2486 quaemihi
884 2404 1043 2485 quondam
1059 2423 1168 2465 socrus
1180 2412 1234 2466 aut
1245 2424 1347 2467 nurus
1359 2411 1409 2466 aut

336 2583 409 2659 quia
433 2583 459 2640 si
482 2579 586 2640 adhuc
608 2585 750 2640 constant
772 2597 827 2640 eae
849 2579 988 2657 nuptiae,
1012 2595 1070 2656 per
1085 2594 1164 2657 quas
1180 2576 1250 2638 talis
1266 2578 1443 2641 adfinitasas

336 2669 478 2745 quaesita
501 2673 556 2744 est,
581 2665 642 2725 alia
664 2668 783 2724 ratione
806 2665 882 2724 mihi
903 2671 1001 2742 nupta
1025 2681 1095 2724 esse
1118 2681 1180 2724 non
1202 2671 1315 2744 potest,
1339 2665 1408 2743 quia

335 2769 439 2831 neque
463 2751 575 2812 eadem
598 2750 724 2812 duobus
746 2757 845 2830 nupta
868 2767 938 2810 esse
960 2756 1073 2828 potest,
1096 2767 1201 2829 neque
1224 2748 1310 2810 idem
1333 2749 1408 2810 duas

286 2838 324 2896 64
337 2855 453 2898 uxores
475 2837 603 2898 habere.
649 2837 730 2917 Ergo
754 2839 780 2897 si
803 2837 873 2916 quis
896 2835 1032 2896 nefarias
1055 2843 1150 2916 atque
1173 2835 1308 2897 incestas
1331 2853 1409 2913 nup-

1514 2281 1516 2370 4

335 2497 482 2575 priuigna
503 2500 558 2554 aut
579 2507 715 2554 nouerca
731 2493 798 2552 init.
836 2491 907 2552 ideo
923 2498 1029 2552 autem
1045 2491 1181 2552 diximus
1202 2491 1407 2571 »quondam«,
1512 2461 1515 2638 ⁴

1360 3002 1408 3018 ΛΛΛ

404 3107 419 3168 ᾖ
439 3112 469 3156 44
490 3129 521 3150 =
540 3109 604 3158 inst.
625 3112 648 3172 4,
668 3112 708 3172 44,
727 3112 742 3156 2
772 3108 783 3170 ΙΙ
812 3109 827 3169 ξ
847 3112 872 3158 64
897 3127 929 3151 =·-
947 3109 1011 3157 inst.
1030 3111 1054 3171 4,
1073 3110 1113 3170 44,
1134 3109 1157 3155 a.

334 3259 630 3275 'mmmm

404 3384 464 3430 tet
484 3381 514 3446 C,
537 3385 617 3446 atque
640 3384 702 3433 lost.
734 3383 745 3445 11
775 3386 789 3432 4
813 3381 999 3432 liberorumne
1023 3383 1100 3444 inst,
1128 3380 1277 3430 liberorum
1302 3381 1345 3430 uel
1366 3379 1406 3442 0¹¹,

334 3449 400 3512 cous.
419 3449 450 3500 0³
464 3464 525 3514 pap.
543 3455 594 3502 549
624 3451 635 3515 11
664 3454 770 3517 possint
787 3452 904 3500 4404444444
924 3452 1115 3500 Institutionum
1133 3451 1237 3514 codices,
1256 3453 1370 3514 possunt
1389 3446 1408 3496 C

335 3533 393 3568 com
411 3522 470 3570 aliis
488 3521 550 3571 inst.
569 3523 696 3571 codicibus
724 3523 734 3584 44
763 3521 924 3582 tconiungi
945 3518 987 3583 Cn,
1006 3520 1082 3580 iungi
1101 3518 1163 3567 ioct.
1196 3517 1207 3581 41
1237 3517 1343 3568 'ifiliae
1361 3517 1407 3567 aut

334 3590 424 3653 neptis
447 3589 508 3639 loco
530 3589 671 3654 Gocccbcc,
694 3590 764 3640 filias
782 3591 872 3652 neptis
890 3589 986 3650 (priore
1005 3601 1017 3637 s
1036 3589 1123 3636 littero
1141 3589 1280 3648 ecpcocta)
1301 3588 1359 3636 ioco
1380 3583 1406 3648 C,

334 3656 389 3707 filia
408 3662 455 3708 eut
473 3661 561 3724 neptis
580 3660 640 3710 icat
665 3659 676 3724 ΙΙ
701 3665 715 3709 8
733 3671 846 3709 uxorem
867 3658 939 3720 inst,
959 3669 1018 3706 eam
1036 3669 1121 3705 uxore
1142 3655 1161 3704 C
1184 3656 1194 3717 ΙΙ
1219 3657 1405 3720 emancipaue-

333 3728 420 3776 rimus
442 3727 469 3790 G,
487 3728 552 3790 conf.
569 3728 601 3778 0³
615 3742 679 3792 pop.
698 3730 748 3783 278
767 3741 836 3776 cers.
849 3725 916 3789 8119
936 3725 1096 3787 cognatione
1112 3724 1138 3788 C,
1156 3726 1323 3786 cognationis
1337 3720 1405 3784 444441

334 3799 361 3842 44
385 3809 450 3845 sane
471 3796 497 3860 C,
517 3810 581 3847 sane
600 3799 672 3847 enim
693 3799 755 3848 lact.
768 3796 778 3858 ΙΙ
791 3799 817 3846 et
835 3808 956 3845 sororem
977 3793 1003 3856 0,
1023 3805 1199 3856 sororemque
1218 3793 1406 3843 institutionum

333 3865 431 3914 codices
447 3867 566 3915 meliores
588 3865 601 3929 41
623 3866 778 3931 prohibitae
795 3867 859 3914 sunt
877 3865 987 3927 nuptiae
1002 3860 1029 3925 C,
1048 3863 1157 3924 nuptiae
1175 3860 1327 3926 prohibitae
1345 3863 1406 3910 sunt

334 3932 395 3982 lost.
425 3932 437 3995 ΙΙ
465 3936 524 3984 siue
546 3935 572 3999 C,
591 3937 650 3986 siue
668 3937 702 3987 ab
722 3937 783 3984 icat.
813 3933 824 3996 ΙΙ
854 3936 864 3981 4
872 3936 886 3980 2
906 3935 963 3982 siue
986 3929 1011 3993 0,
1031 3930 1090 3979 siue
1107 3943 1140 3979 er
1158 3931 1220 3982 inst.
1249 3930 1260 3994 ΙΙ
1293 3933 1324 3978 44
1343 3941 1405 3979 con-

334 4003 386 4049 stat
404 4002 474 4066 inst,
493 4009 619 4054 constant
639 4005 658 4054 C
680 4005 692 4068 ΙΙ
718 4009 747 4053 ts
767 4016 820 4052 non
838 4003 953 4066 possunt
972 4000 1121 4048 consistere
1142 3997 1167 4062 C,
1187 4001 1334 4049 consistere
1353 4009 1405 4048 non

333 4073 449 4130 possunt
468 4073 527 4122 inst.
541 4071 551 4134 ΙΙ
565 4077 595 4122 47
616 4074 818 4139 in(pe)dimento
832 4071 883 4119 erit
899 4070 924 4132 G,
944 4072 984 4118 est
996 4067 1192 4130 impedimento
1205 4069 1266 4118 lost.
1280 4068 1291 4131 44
1304 4070 1334 4116 ai
1348 4067 1403 4117 init.

338 4135 363 4199 C,
383 4139 448 4200 coos.
469 4139 524 4203 0²⁸3
543 4155 577 4190 co
596 4142 677 4192 fuerit
695 4136 846 4206 legendam?
867 4138 943 4200 (conf.
965 4136 997 4188 0³
1013 4149 1074 4200 pap.
1094 4139 1144 4190 249
1162 4149 1231 4188 cers.
1251 4136 1281 4198 6).
