3094 4860
296 464 320 516 44
338 467 407 527 sco.
423 469 577 518 ctos-er
683 503 769 510 ..-
788 421 791 428 ¹
813 467 853 529 54
898 501 983 511 —

297 663 454 717 contracta
477 659 516 717 sit
538 656 662 736 fiducia,
686 674 761 718 sane
783 657 867 716 omni
881 654 974 716 modo
991 655 1127 735 conpetit
1140 659 1374 736 ususrecepti03

297 741 324 803 si
350 761 426 804 uero
450 761 521 802 cum
544 743 712 822 creditore,
741 742 843 803 soluta
867 741 996 822 quidem
1018 741 1153 821 pecunia
1175 743 1259 802 omni
1281 743 1375 806 modo

297 829 441 908 conpetit,
465 829 607 890 nondum
628 848 705 890 uero
729 828 831 890 soluta
852 829 894 888 ita
910 827 1038 889 demum
1058 829 1202 906 conpetit,
1227 830 1376 910 sineque

296 913 483 975 conduxerit
509 934 578 976 eam
608 933 675 977 rem
704 933 722 976 a
748 913 902 975 creditore
933 913 1065 991 debitor,
1101 931 1205 994 neque
1231 917 1375 992 precario

296 1001 461 1082 rogauerit,
485 1005 521 1060 ut
543 1020 613 1062 eam
635 1019 703 1063 rem
722 999 885 1080 possidere
901 999 1026 1076 liceret;
1050 997 1116 1079 quo'
1129 1018 1205 1061 casu
1219 999 1401 1063 lucratione

243 1104 279 1165 44
296 1085 464 1165 ususcapio
494 1089 638 1167 conpetit.
693 1089 771 1148 Item
797 1087 824 1148 si
854 1104 921 1146 rem
948 1085 1118 1166 obligatam
1146 1085 1206 1147 sibi
1234 1087 1376 1166 populus

295 1171 476 1233 uendiderit
499 1192 632 1254 eamque
656 1172 800 1234 dominus
822 1171 1014 1252 possederit,
1038 1189 1185 1234 concessa
1209 1179 1258 1234 est
1280 1191 1377 1236 usus-

296 1261 448 1338 reccptio;
478 1259 535 1321 sed
557 1261 616 1320 boc
639 1277 714 1320 casu
735 1257 901 1337 praedium
924 1257 1051 1319 biennio
1074 1260 1298 1337 usurecipitur.
1345 1269 1377 1321 ct
1417 1320 1419 1322 ,

295 1345 354 1404 hoc
388 1353 436 1406 est
465 1346 551 1426 quod
581 1345 676 1426 uulgo
706 1344 820 1406 dicitur
848 1363 888 1404 ex
913 1343 1114 1423 praediatura
1141 1347 1377 1423 possessionem

295 1431 470 1511 usurecipi;
485 1449 557 1492 nam
574 1434 629 1512 qui
643 1439 801 1493 mercatur
816 1449 834 1490 a
848 1428 974 1509 populo,
991 1429 1170 1510 praedictor
1185 1430 1418 1510 appellaturis

246 1535 285 1594 65
382 1518 463 1598 Ergo
491 1537 532 1578 ex
559 1517 608 1578 his
636 1536 717 1598 quae
745 1517 882 1578 diximus
905 1523 1036 1595 apparet
1059 1516 1215 1596 quaedam
1238 1518 1376 1578 naturali
1386 1537 1447 1590 pag.
1459 1531 1488 1578 os

205 1679 208 1687 Ι
297 1604 365 1664 iure
393 1603 539 1681 alienari,
573 1603 679 1684 qualia
710 1611 783 1664 sunt
810 1620 847 1662 ea
877 1620 959 1682 quae
986 1601 1153 1664 traditione
1181 1602 1374 1682 alienantur3

296 1689 453 1769 quaedam
480 1689 578 1769 ciuili,
605 1709 678 1750 nam
704 1689 938 1767 mancipationis
967 1696 998 1748 et
1023 1691 1055 1748 in
1077 1689 1146 1749 iure
1169 1690 1321 1751 cessionis
1345 1698 1377 1752 et

297 1777 496 1855 usucapionis
520 1778 568 1836 ius
592 1777 751 1855 proprium
775 1781 823 1836 est
846 1775 962 1835 ciuium
984 1775 1202 1835 Romanorum.

247 1883 285 1941 46
382 1862 446 1923 Ν44
473 1869 579 1922 tamen
608 1881 646 1922 ea
672 1869 806 1940 tantum,
838 1879 919 1941 quac
945 1858 1112 1922 traditione
1139 1870 1247 1922 nostra
1274 1861 1418 1945 4441444444

296 1946 430 2008 naturali
456 1947 547 2008 nobis
576 1950 695 2010 ratione
723 1946 947 2028 adquiruntur,
984 1944 1042 2006 sed
1068 1948 1162 2008 etiam
1184 1941 1376 2030 -14444-

295 2032 400 2113 pando
434 2033 505 2094 ideo
527 2035 813 2111 -——erimus,
853 2034 930 2113 quia
967 2040 1058 2094 antea
1091 2027 1218 2116 nullilus
1253 2042 1374 2110 essent3

245 2119 402 2200 67qualia
429 2127 503 2182 sunt
529 2122 631 2180 omnia
658 2139 740 2199 quae
767 2127 853 2180 terra
879 2118 960 2178 mari
981 2117 1068 2180 caelo
1090 2121 1268 2198 capiuntur.
1316 2121 1377 2180 lta-

296 2223 359 2285 que
382 2207 408 2266 si
427 2203 526 2285 (eram
550 2205 683 2266 bestiam
705 2213 759 2266 aut
780 2205 943 2266 uolucrem
966 2211 1021 2264 aut
1039 2201 1166 2287 pislcem
1245 2226 1248 2233 ·

294 2327 449 2334 —-—
471 2299 597 2371 captum
942 2291 947 2370 Ι
1156 2310 1293 2352 ——eo
1322 2309 1376 2353 us-
1385 2303 1416 2349 44

364 2497 398 2547 nd
416 2498 476 2558 §67
500 2497 563 2546 inde
585 2496 619 2546 ab
643 2501 673 2546 44
693 2509 722 2546 44
739 2495 810 2546 coni.
829 2497 877 2546 Gai
899 2509 943 2546 res
961 2496 1054 2546 cottid.
1078 2497 1145 2560 (Dig.
1165 2499 1205 2560 tr,
1226 2502 1248 2558 4,
1269 2500 1293 2557 4,
1313 2500 1328 2545 4
1347 2499 1375 2546 44

295 2569 310 2614 5
329 2579 368 2630 pr.
387 2585 419 2610 =
438 2567 501 2616 inst.
520 2569 546 2628 4,
564 2569 587 2631 4,
606 2565 655 2628 tel.

1334 2683 1375 2698 W

364 2773 374 2819 4
397 2772 586 2834 ususreceptio
602 2769 626 2832 0,
645 2783 711 2832 puae
727 2769 821 2832 444444,
841 2783 874 2819 44
891 2775 936 2820 444
954 2771 1161 2820 liconiensi
1180 2773 1373 2833 obscuraretur,

295 2852 377 2900 supra
394 2844 502 2889 seruata
514 2843 551 2888 est
572 2838 645 2900 leons.
659 2839 687 2888 li.
702 2838 807 2899 Scioell,
823 2839 898 2901 cepis
911 2838 963 2888 XII
973 2840 1022 2890 tab.
1036 2841 1083 2889 rel.
1095 2853 1156 2904 pap.
1171 2839 1240 2903 444);
1259 2846 1375 2891 44444444

294 2907 359 2970 eous.
382 2907 414 2957 0Ε
429 2906 603 2970 4444244144
622 2907 708 2956 solute
729 2919 762 2956 444
780 2907 878 2956 soluita
896 2912 1040 2957 4444444444
1061 2907 1119 2970 0111
1137 2913 1150 2957 4
1170 2911 1317 2974 ususcapio
1334 2907 1374 2978 Cli

292 2975 411 3042 populus
428 2989 462 3025 444
478 2976 598 3039 pupulus
615 2979 759 3025 4444444444
779 2975 809 3027 0ι
821 2975 832 3038 ΙΙ
850 2979 864 3024 7
882 2976 1030 3040 possiderit
1049 2975 1069 3026 0
1083 2975 1096 3040 {t
1111 2979 1299 3042 ususreceptio
1318 2981 1372 3042 (sic)

297 3043 340 3107 044
353 3047 383 3092 tt
394 3048 453 3105 post
465 3043 617 3107 appellatur
628 3046 656 3094 iu
668 3043 816 3093 044444444
827 3044 973 3108 4444-44,
986 3059 1051 3107 quas
1066 3046 1095 3097 0.
1103 3046 1276 3096 4444444444
1288 3053 1373 3098 motus

294 3115 441 3176 4444444444
466 3125 568 3162 444444
593 3115 621 3161 44
649 3113 710 3162 lust.
734 3125 832 3173 444444
858 3113 993 3164 obseruate
1019 3119 1079 3165 ante
1104 3116 1120 3176 ξ
1142 3119 1176 3164 44
1203 3120 1371 3178 transposuit.

293 3183 436 3232 Mommsen
448 3180 510 3230 baec
522 3183 642 3232 adnotat:
656 3182 796 3241 »Displicet
808 3185 974 3244 transpositio
984 3183 1191 3233 Heirnbacbiana.
1208 3184 1312 3234 Gaiana
1321 3187 1373 3236 cis-

291 3253 384 3309 positio
394 3251 526 3300 commoda
534 3255 618 3313 444444
627 3263 705 3311 44444
714 3254 839 3300 44444444
847 3251 888 3300 bic
897 3264 926 3300 44
935 3253 1035 3314 nititur,
1047 3253 1114 3314 4444
1120 3255 1235 3314 pansum
1245 3255 1335 3316 444444
1342 3256 1373 3304 ce

291 3332 383 3371 444444
399 3320 561 3383 alienatione,
580 3321 614 3368 ac
631 3332 706 3380 44444
723 3321 866 3369 tractatum
882 3323 1008 3383 usucapio
1025 3334 1123 3382 444444
1140 3323 1268 3384 recipitur
1284 3327 1372 3384 utpote

292 3391 377 3439 iustae
394 3389 558 3438 alienationis
576 3389 716 3451 lepitirnum
733 3388 952 3450 supplementum,
978 3390 1067 3439 ceince
1084 3392 1213 3439 transitur
1230 3391 1265 3440 ac
1282 3404 1373 3442 rerum

292 3459 488 3520 adquisitionem
514 3469 578 3517 4444,
608 3470 675 3518 4444
699 3469 751 3506 non
774 3457 806 3505 ab
828 3457 983 3507 alienatione
1004 3459 1105 3520 pendet,
1132 3459 1216 3520 444444
1238 3463 1276 3508 444
1298 3473 1372 3510 4444-

291 3529 362 3588 patio
380 3531 404 3576 et
422 3527 582 3591 specificatio.
613 3526 696 3575 Locus
714 3529 809 3586 444444,
829 3538 957 3587 quaenam
974 3539 1017 3576 res
1034 3531 1103 3576 recte
1120 3529 1268 3577 alienentur
1286 3541 1303 3577 4
1320 3543 1373 3579 non

292 3597 394 3646 canino
414 3596 464 3647 ,uel
498 3596 610 3645 alienari
643 3597 770 3656 44444444
799 3608 816 3643 4
845 3596 958 3656 cornino,
995 3599 1085 3656 aperte
1114 3597 1213 3658 prioris
1243 3601 1373 3648 tractatus

293 3665 425 3727 appencinc
449 3667 504 3724 444,
530 3676 580 3725 444
601 3667 656 3726 ipso
679 3665 733 3714 loco
754 3665 783 3712 in
803 3663 853 3713 Gai
870 3663 934 3712 libro
956 3665 1058 3726 4444444.
1097 3665 1188 3714 Postea
1206 3677 1266 3714 curn
1283 3667 1372 3716 44444-

293 3737 347 3782 trun
363 3735 448 3782 444444
466 3747 483 3782 4
503 3731 567 3782 Gaio
585 3737 609 3782 et
626 3733 765 3793 aliquando
783 3732 798 3793 ἕ
812 3735 843 3780 44
862 3735 886 3780 44
903 3733 918 3792 §
932 3737 964 3781 44
982 3734 1103 3782 continuo
1121 3747 1148 3782 se
1165 3736 1297 3794 occepisse
1309 3749 1373 3786 sane

289 3803 422 3863 probabile
431 3807 492 3852 est«
503 3796 513 3868 l
524 3803 633 3852 tiiiure
642 3799 678 3851 0?
689 3800 699 3866 ΙΙ
711 3803 810 3849 44-44
821 3800 917 3850 etiam
928 3814 998 3864 quae
1008 3801 1189 3862 occupando
1199 3801 1271 3854 ideo
1280 3809 1372 3854 nostra

291 3871 449 3931 fecerimus
471 3871 610 3934 Boeclrinp,
639 3869 734 3920 etiem
756 3882 825 3932 quac
847 3868 1030 3930 occupando
1052 3870 1123 3922 ideo
1145 3871 1372 3932 acquisierimus

295 3938 435 4002 Goesclten;
458 3944 581 3990 44444444
603 3941 638 3988 ac
662 3940 754 3988 codicis
781 3937 941 3998 Crelipuias
963 3943 1022 3998 apte
1039 3942 1162 4002 44444444,
1187 3943 1261 3990 euius
1279 3943 1372 3992 cactus

293 4007 327 4056 ac
350 4007 469 4058 etiamsi
492 4007 673 4069 occupando
697 4005 768 4056 ideo
791 4017 842 4056 ses
865 4005 1092 4067 acquisierimus
1113 4011 1223 4070 propius
1250 4013 1372 4061 acescere

292 4074 427 4140 uidentur,
450 4079 516 4138 puoc
534 4083 620 4126 444444
640 4076 771 4126 04444444
788 4079 895 4124 nonest
916 4073 925 4140 ΙΙ
949 4079 980 4124 47
1005 4077 1069 4140 quia
1090 4077 1233 4143 4444444444,
1258 4081 1306 4142 qui
1327 4077 1372 4145 Cli

294 4147 325 4192 t8
344 4146 413 4193 mari
434 4144 571 4206 Goeseben,
593 4146 717 4208 merique
738 4143 758 4193 0
781 4140 791 4207 ΙΙ
821 4147 851 4192 49
871 4140 944 4192 iere?
965 4144 985 4194 0
1009 4145 1018 4210 ΙΙ
1047 4149 1145 4194 49-44
1165 4147 1372 4198 adsentantium

291 4216 367 4272 recte,
398 4213 432 4262 ac
461 4215 553 4262 cuatus
581 4227 633 4263 non
661 4216 730 4262 recte
759 4211 832 4273 (4444.
870 4211 902 4262 cu
931 4217 955 4264 44
986 4213 1039 4276 044)
1068 4216 1197 4276 suppleuit
1229 4215 1370 4266 Goesclren:

291 4280 411 4341 piscem
429 4281 614 4340 ceperimus,
632 4279 765 4345 quidquid
783 4281 820 4329 ita
839 4282 966 4340 ceptum
979 4283 1074 4347 luerit,
1091 4284 1118 4333 id
1132 4285 1222 4334 statim
1236 4280 1370 4352 nalstrum
