3094 4860
322 370 344 420 ιι
362 370 521 432 εεοε-εει
709 402 793 410 -
837 368 878 430 56
923 399 1007 412 ...-

322 577 393 622 εεεε
421 577 482 619 non
509 564 625 636 potest;
656 575 692 617 ac
713 574 753 618 ne
776 557 803 616 is
825 554 955 636 quidem
978 555 1088 637 quiin
1111 554 1223 616 eadem
1245 561 1398 633 potestate

323 652 384 724 εει,
413 643 504 706 εειει
533 643 630 705 frater
658 643 735 704 eius.
781 641 839 703 sed
867 644 894 704 si
921 641 1004 702 filius
1028 639 1160 702 familias
1184 660 1225 702 ex
1247 643 1400 702 castrensi

321 729 444 811 peculio
467 736 538 810 post
559 729 738 790 missionem
760 727 852 788 faciat
873 734 1107 806 testamentum,
1136 745 1195 788 nec
1217 734 1308 805 pater
1331 730 1399 788 eius
1533 787 1535 800 ,

321 825 407 878 recte
437 817 526 876 testis
548 812 560 896 ΙΙ
583 814 752 876 adhibetur
776 831 835 874 neo
861 815 887 874 is
918 815 972 894 qui
994 815 1026 873 in
1047 820 1200 893 potestate
1223 814 1321 892 patris
1345 821 1397 874 εει.
1408 833 1468 886 pag.
1480 823 1507 870 st

253 901 366 964 ltine
388 900 567 981 libripende
589 899 701 962 eadem
723 917 804 980 quae
827 906 859 960 et
881 898 921 961 de
940 899 1075 960 testibus
1091 898 1173 960 dicta
1188 915 1258 960 esse
1274 899 1423 960 intelle-5

252 989 449 1068 t08gemus3
477 1005 549 1047 nam
577 993 609 1062 et
635 988 661 1046 is
689 988 816 1048 testium
845 1003 976 1046 numero
1004 993 1059 1046 est.
1106 985 1135 1047 ls
1166 1002 1258 1062 uero,
1290 987 1346 1063 εει
1368 987 1400 1046 ιε

322 1080 475 1153 potestate
503 1071 629 1134 heredis
652 1079 706 1134 aut
728 1072 867 1152 legatarii
891 1078 951 1150 εει,
982 1073 1114 1133 εειεεεε
1136 1071 1230 1133 heres
1252 1073 1322 1150 ipse
1346 1078 1400 1133 aut

323 1158 493 1240 legatarius
515 1161 547 1218 in
568 1165 719 1238 potestate
741 1165 798 1234 est,
822 1159 941 1237 quique
963 1159 995 1217 in
1011 1156 1154 1219 eiusdem
1169 1163 1325 1238 potestate
1342 1164 1398 1236 εει,

323 1244 399 1306 adeo
429 1247 517 1306 testis
548 1251 579 1304 et
606 1243 759 1322 libripens
789 1241 933 1304 adhiberi
959 1251 1074 1322 potest,
1112 1250 1147 1304 ut
1174 1244 1242 1322 ipse
1270 1261 1399 1324 quoque

323 1331 415 1392 heres
450 1336 506 1392 out
532 1329 701 1409 legatarius
731 1331 799 1390 iure
829 1327 1047 1390 adhibeantur.
1097 1327 1155 1390 sed
1180 1335 1285 1390 tamen
1313 1328 1441 1410 quodtt

323 1415 363 1478 ad
392 1415 543 1478 heredem
573 1418 709 1495 pertinet
728 1417 848 1495 quique
871 1415 903 1474 in
926 1416 994 1475 eius
1016 1421 1170 1494 potestate
1194 1422 1242 1476 est
1264 1417 1399 1476 cuiusue

323 1504 350 1564 is
372 1504 403 1563 in
425 1508 579 1582 potestate
603 1503 669 1578 erit,
693 1503 819 1562 minime
840 1499 900 1560 hoc
921 1501 989 1561 iure
1012 1502 1058 1560 uti
1081 1499 1245 1562 debemus.

648 1585 696 1669 [ns
716 1604 910 1648 rssrmnurrs
932 1584 1077 1666 aarum]

252 1677 312 1737 tos
407 1673 471 1736 Sed
492 1673 570 1734 haec
592 1671 726 1754 diligens
751 1672 929 1733 obseruatio
955 1673 987 1732 in
1002 1671 1184 1746 ordinandis
1203 1678 1400 1734 testamentis

322 1758 471 1820 militibus
497 1766 627 1838 propter
648 1760 773 1819 nimiam
796 1759 971 1837 inperitiam
994 1757 1262 1819 constitutionibus
1284 1759 1441 1837 princi-tt

321 1863 399 1924 pum
420 1847 552 1906 remissa
575 1851 630 1905 est.
668 1862 741 1904 nam
761 1845 905 1924 quamuis
921 1861 1026 1923 neque
1042 1843 1215 1924 legitimum
1229 1861 1401 1905 numerum

321 1932 448 1992 testium
470 1929 672 1992 adhibuerint
692 1949 797 2010 neque
816 1928 1019 1990 uendideriot
1033 1928 1182 1989 familiam
1196 1947 1302 2010 neque
1318 1949 1401 1992 nun-

253 2019 506 2095 llOcupauerint
520 2023 750 2094 testamentum,
774 2022 858 2076 recte
873 2013 968 2076 nihilo
984 2016 1087 2076 minus
1103 2022 1267 2076 testantur.
1307 2017 1401 2077 Prae-

321 2109 408 2162 terea
434 2104 623 2180 permissum
649 2109 698 2164 est
719 2103 756 2162 iis
778 2108 810 2162 et
830 2103 1013 2182 peregrinos
1035 2109 1067 2162 et
1088 2102 1211 2162 Latinos
1234 2103 1400 2163 instituere

322 2186 456 2248 heredes
472 2187 526 2248 εει
540 2190 577 2249 iis
592 2188 709 2269 legare,
725 2206 797 2248 oum
812 2186 950 2267 alioquin
966 2187 1125 2269 peregrim
1137 2186 1265 2268 quidem
1277 2190 1400 2249 ratione
1410 2195 1440 2241 tt

322 2272 407 2333 ciuili
422 2273 646 2352 prohibeantur
661 2292 773 2354 capere
788 2273 994 2335 hereditatem
1010 2273 1186 2354 legataque,
1208 2275 1306 2334 Latini
1320 2292 1400 2336 uero

252 2363 305 2422 ιιι
321 2358 498 2440 perlegam
514 2360 641 2421 Iuniam.
673 2359 816 2423 Gaelibes
833 2378 970 2440 εεοεεε,
988 2362 1043 2440 εει
1058 2359 1128 2442 lege
1145 2358 1223 2420 lulla
1239 2359 1401 2422 heredita·

320 2453 383 2506 tem
405 2444 572 2526 legataque
592 2464 704 2525 capere
719 2452 882 2522 uetantur3
905 2448 980 2507 item
995 2445 1074 2526 orbi,
1097 2444 1193 2507 idest
1209 2447 1264 2526 εει
1277 2445 1400 2507 'liberos

320 2583 383 2626 non
405 2565 531 2644 habent,
555 2585 634 2646 quos
656 2530 1401 2649 ledQ

389 2721 467 2781 §itt
486 2719 549 2768 inde
567 2719 601 2768 ab
620 2722 635 2768 ι
653 2721 699 2770 sed
711 2740 742 2762 =
756 2721 819 2770 lust.
837 2723 861 2782 ι,
879 2723 918 2784 ιι,
938 2723 952 2769 9
970 2719 1012 2788 {15
1030 2723 1079 2768 tce
1098 2719 1163 2769 inde
1181 2718 1216 2769 ab
1236 2721 1268 2768 ιι
1287 2721 1398 2783 ditipeos

321 2788 460 2850 usquead
480 2791 510 2836 ti
529 2788 692 2839 adhibuerint
708 2801 789 2850 εεεεε
806 2792 832 2839 ει
850 2789 913 2838 inde
931 2787 965 2838 ab
985 2791 1017 2838 ts
1035 2792 1104 2838 recte
1122 2808 1153 2830 =
1173 2789 1236 2838 lnst.
1257 2792 1281 2852 2,
1302 2791 1328 2837 ιι
1352 2802 1396 2854 pr.

1296 2889 1399 2904 ΑΛΛΛΑΛΙ

391 2943 400 2988 ι
425 2941 471 3003 εει
490 2942 518 2990 ιε
534 2940 669 3005 deecclesia,
688 2943 753 3005 quin
769 2939 808 3008 ΟΙΙ
820 2946 834 2991 2
848 2955 881 2992 ex
895 2941 920 3007 G,
940 2943 974 2992 de
987 2942 1049 2992 lost.
1067 2939 1078 3008 ΙΙ
1095 2944 1108 2991 ι
1122 2943 1207 3008 patris
1223 2942 1249 3005 0,
1269 2943 1398 2993 ciusdem

321 3009 406 3072 patris
425 3009 485 3059 inst.
503 3005 513 3076 {l
531 3008 662 3072 ostiosi,
682 3011 717 3058 sit
731 3009 750 3060 O
765 3008 775 3075 ΙΙ
792 3014 806 3060 7
824 3011 946 3074 legatarii
963 3011 1091 3073 Huschke,
1111 3011 1251 3073 inlegatari
1270 3006 1315 3074 Ol
1334 3015 1348 3060 8
1368 3013 1398 3062 in

320 3078 482 3141 potestatem
502 3074 546 3142 cll
564 3080 578 3126 9
597 3077 666 3126 adeo
684 3078 845 3143 lachmann,
863 3079 931 3129 abeo
957 3075 1002 3145 Ol
1024 3083 1055 3128 lt
1075 3083 1122 3128 aut
1142 3079 1278 3142 Goesclrec,
1297 3083 1328 3129 nt
1349 3078 1369 3130 C
1390 3080 1401 3141 ll

321 3148 353 3194 ti
373 3146 396 3195 is
418 3145 558 3209 Goesoteo,
576 3145 610 3194 iis
631 3145 650 3196 (2
675 3142 685 3210 ΙΙ
711 3149 761 3196 erit
781 3147 807 3212 0,
829 3151 870 3198 est
888 3148 1004 3198 iiosctlte
1030 3146 1040 3215 ll
1066 3151 1097 3196 ta
1117 3147 1235 3198 militum
1257 3147 1398 3215 Gceacheo,

321 3213 467 3266 miliumG
492 3210 503 3280 ΙΙ
531 3217 562 3262 tt
582 3215 824 3266 constitutionibus
843 3217 916 3281 lost,
939 3213 1209 3266 mentietutionibus?
1235 3215 1255 3267 0
1282 3213 1293 3282 ΙΙ
1320 3219 1398 3280 prin·

321 3284 413 3347 cipum
439 3282 469 3347 G,
493 3281 688 3346 principalibus
713 3284 773 3334 last.
801 3282 812 3350 ll
841 3289 873 3334 ιι
896 3287 1023 3349 quamuis
1053 3283 1079 3349 ι’,
1107 3287 1233 3348 quamuis
1255 3285 1282 3334 hi
1306 3286 1368 3336 lost.
1388 3284 1399 3351 ΙΙ

321 3356 352 3401 tr
372 3351 549 3402 uendiderint
568 3350 704 3416 Gcesclteo,
723 3352 879 3403 uendiderit
898 3353 918 3404 0
936 3351 946 3420 ΙΙ
968 3356 1203 3418 nunccupauerint
1227 3352 1245 3403 G
1264 3349 1274 3419 ll
1297 3357 1329 3403 ιι
1348 3354 1398 3405 he·

320 3421 463 3471 reditatem
488 3420 628 3484 caesareo,
655 3421 844 3472 hereditatec
872 3417 881 3490 l
910 3424 942 3472 st
963 3427 1022 3484 post
1043 3422 1085 3472 lex
1106 3435 1188 3472 unum
1208 3422 1299 3486 fotium
1319 3425 1347 3472 io
1377 3424 1399 3475 C

317 3493 408 3554 periit,
431 3491 459 3539 to
481 3502 530 3550 cco
545 3491 605 3553 fiais
624 3501 713 3539 eorum
727 3493 889 3552 perscriptos
910 3495 979 3555 erat,
1002 3505 1068 3552 quoe
1088 3490 1169 3541 Gaias
1187 3492 1217 3541 de
1235 3494 1397 3542 testamentis

319 3559 429 3610 miiitum
446 3560 572 3620 esposuit.
597 3560 721 3620 prooimo
739 3564 825 3610 cotem
839 3564 898 3621 post
916 3573 984 3623 quos
1002 3560 1046 3609 lex
1062 3562 1100 3610 tta
1112 3562 1146 3610 oct
1157 3561 1172 3621 ἕ
1184 3563 1248 3613 286⁸
1266 3561 1399 3622 suppleuit

320 3627 448 3677 lluschlce:
478 3628 558 3691 Papia
577 3627 638 3690 plus
657 3640 740 3691 quam
759 3628 886 3678 dimidias
902 3629 995 3693 partes
1013 3628 1169 3678 hereditatis
1189 3629 1398 3692 legatorumque

321 3709 417 3760 capere
443 3699 531 3758 uetat,
557 3709 590 3745 ex
613 3696 706 3746 militis
729 3699 888 3748 testamento
911 3696 1029 3747 solidum
1057 3698 1176 3762 capiunt.
1216 3697 1315 3747 Deinde
1342 3700 1398 3760 ecit

323 3764 403 3814 Gaius
421 3765 452 3814 de
468 3767 514 3825 iis,
534 3765 625 3826 cattos
643 3769 823 3816 testamentum
839 3766 926 3828 facero
942 3779 994 3814 aco
1012 3767 1079 3826 licet,
1098 3767 1218 3816 similiter
1235 3769 1312 3827 atque
1330 3766 1395 3816 lost.

320 3838 345 3890 2,
367 3839 414 3896 it;
437 3834 491 3894 Vip.
503 3837 545 3897 20,
560 3838 591 3884 ιε
604 3847 670 3896 seqq.
689 3839 713 3884 et
731 3835 799 3896 Eptt.
820 3841 844 3899 2,
862 3841 879 3889 ε
897 3835 912 3896 ξ
927 3838 939 3881 ι
959 3847 1035 3899 seqq„
1053 3836 1097 3884 ubi
1114 3836 1176 3885 boec
1194 3835 1331 3898 ιεεεειενε
1363 3835 1398 3885 ld

320 3914 429 3964 quoque
448 3904 578 3952 statutum
597 3906 649 3966 εει,
673 3903 747 3966 quod
766 3916 819 3952 non
838 3902 964 3953 omnibus
984 3902 1064 3952 liceat
1081 3902 1170 3953 lacere
1188 3906 1396 3967 testamentum

320 3969 392 4019 sicut
409 3971 473 4020 suut
490 3971 518 4019 hi
536 3971 583 4034 qui
596 3973 639 4021 sui
652 3973 719 4022 iuris
731 3985 785 4022 non
798 3977 868 4038 sunt,
887 3971 939 4034 sed
954 3971 1042 4022 alieno
1056 3972 1108 4022 iuri
1121 3972 1237 4023 subiecti
1250 3975 1320 4036 sunt,
1340 3973 1397 4022 hoc

320 4038 362 4087 εει
373 4035 422 4087 filii
435 4042 489 4088 tarn
503 4052 535 4087 er
553 4039 633 4090 nobis
649 4041 706 4090 nati
724 4055 805 4104 quam
823 4041 951 4105 adoptiui.
988 4039 1020 4102 (il
1039 4041 1106 4090 Item
1125 4043 1284 4092 testamenta
1302 4040 1396 4091 iacere

320 4118 375 4154 non
392 4108 506 4169 possunt
524 4107 689 4172 impuberes,
707 4109 735 4159 id
754 4114 795 4160 est
812 4111 931 4160 minores
948 4109 1166 4172 quattuordecim
1185 4122 1326 4174 annorum,
1346 4111 1397 4159 aut

320 4173 426 4237 puellae
445 4174 599 4225 duodecim.
624 4177 647 4241 (ξ
662 4178 684 4240 t)
710 4179 775 4226 ltem
793 4180 821 4227 ει
838 4179 874 4243 hi,
893 4179 940 4242 εει
958 4177 1067 4242 furiosi,
1090 4178 1118 4228 id
1137 4181 1178 4228 est
1196 4181 1286 4228 mente
1304 4179 1396 4228 insani
