3084 4868
336 1320 703 1405 trituraturis
730 1319 985 1406 uouusurtl.

160 1532 197 1591 Ut
217 1538 325 1611 patres
347 1532 446 1592 nostri
468 1529 573 1592 laetati
596 1539 670 1592 sunt
691 1540 876 1612 recuperato
900 1533 983 1612 Gaio,
1007 1533 1049 1592 ita
1062 1532 1154 1594 nobis
1175 1553 1253 1614 quo-

91 1635 140 1696 quc
161 1617 269 1678 simiIIs
292 1634 361 1678 sors
385 1617 497 1694 evenit,
522 1616 579 1677 scd
600 1618 641 1677 ita
663 1617 772 1678 similis
796 1625 831 1679 ut
851 1637 973 1699 gemma
991 1617 1127 1679 carboni.
1158 1619 1253 1682 Gaius

89 1703 132 1764 illc
149 1703 309 1765 redivivus
332 1704 409 1763 iuris
429 1704 557 1763 Romani
571 1705 709 1764 notitiam
728 1706 909 1765 universam
924 1703 1091 1766 illustravit
1105 1705 1253 1766 formam-

90 1807 141 1869 que
167 1792 233 1851 eius
265 1787 352 1868 apud
380 1796 503 1850 nostros
533 1792 749 1866 commutavit3
773 1809 814 1850 ex
843 1791 902 1850 hoo
928 1790 1002 1851 Gaio
1032 1808 1094 1851 non
1116 1790 1190 1851 Gaio
1213 1791 1254 1852 ad

24 1927 25 1932 ,
90 1883 228 1936 vetustam
260 1875 431 1936 doctrinam
458 1876 512 1934 vix
541 1877 710 1956 quicquam
741 1874 873 1955 accedit,
905 1876 962 1938 sed
993 1875 1179 1956 prudentiae
1209 1876 1253 1936 la-

24 2017 25 2022 ,
88 1959 177 2023 hantis
200 1961 340 2022 condicio
363 1960 562 2040 aliquatenus
585 1960 771 2022 declaratur.

24 2035 26 2130 J
160 2047 266 2110 Codex
287 2044 583 2127 Augustodunensis
609 2049 678 2126 ipse
706 2051 839 2129 optimae
867 2053 958 2108 notae
986 2054 1033 2108 est
1061 2047 1135 2109 Gaio
1157 2049 1253 2109 Vero-

24 2135 25 2206 }
89 2136 166 2194 uersi
193 2151 397 2215 nequaquam
426 2132 569 2212 inferior,
603 2136 737 2213 scriptus
768 2133 960 2214 compendiis
990 2133 1117 2212 iisdem,
1150 2134 1254 2194 ortho-

24 2239 26 2282 μ
91 2220 225 2298 graphiae
248 2221 291 2279 ita
312 2218 449 2298 probae,
477 2226 513 2279 ut
539 2237 556 2278 a
584 2221 665 2280 vitiis
694 2219 810 2280 indea
838 2227 948 2300 quarto
972 2218 1097 2280 saeculo
1119 2221 1252 2298 receptis

24 2293 26 2364 l
89 2306 221 2366 immunis
244 2305 312 2366 fere
334 2307 491 2366 manserit.
527 2303 599 2366 bet
621 2323 640 2364 v
662 2324 819 2387 nusquam
841 2311 1069 2384 permutantur,
1093 2323 1108 2364 e
1130 2302 1251 2384 etae1),

24 2397 26 2434 I
90 2393 143 2450 tet
164 2409 177 2450 a
198 2393 230 2452 in
253 2390 481 2452 vocabulorum
503 2393 773 2452 terminationibus
782 2390 804 2473 2)
830 2409 909 2451 raro.
945 2389 1085 2450 Aetatem
1109 2391 1176 2450 eius
1200 2409 1253 2471 gc-

25 2487 26 2544 Ῑ
89 2479 161 2538 ueris
182 2477 336 2538 librorum
358 2484 394 2537 ut
421 2475 642 2556 prudentiores
665 2481 719 2538 vix
740 2477 904 2539 audebunt
927 2475 1067 2554 definire,
1090 2477 1132 2535 ita
1157 2493 1253 2554 repu-

26 2635 27 2648 ,
86 2567 156 2639 tanti,
179 2562 265 2644 quod
281 2581 322 2624 ex
337 2563 432 2643 gestis
449 2561 489 2624 de
505 2562 718 2624 Theodosiana
733 2561 912 2643 recipiendo
927 2560 1127 2641 intellegitur,
1149 2559 1252 2620 medio

87 2649 195 2710 sacerdo
225 2651 334 2729 quinto
364 2656 509 2709 notarum
535 2650 612 2710 iuris
639 2668 732 2711 usum
759 2649 831 2710 licet
860 2649 1010 2727 imperitis
1033 2645 1177 2707 odiosum
1204 2647 1253 2706 ni-

27 2771 28 2778 ,
87 2735 138 2796 hilo
164 2737 266 2796 minus
295 2734 398 2796 adhuc
426 2737 565 2814 viguisse
587 2753 650 2796 non
677 2754 791 2797 avcro
812 2733 972 2796 videbitur
1001 2731 1143 2793 absimile
1171 2733 1252 2792 circa

27 2833 28 2892 t
88 2839 118 2882 ea
129 2829 265 2902 tempora
279 2821 375 2881 huius
391 2819 506 2881 codicis
522 2819 686 2882 librarium
700 2824 834 2897 vixisse;
856 2827 928 2900 post
947 2837 985 2880 aa
999 2820 1050 2880 vix
1065 2816 1252 2879 crediderim

27 2893 29 2918 ’
74 2910 229 2988 ¹antiquam
253 2905 515 2967 consuetudinem
537 2909 579 2967 ita
600 2909 811 2987 incorruptam
835 2906 1008 2968 duravisse.

159 2994 219 3056 Sed
243 3011 260 3054 a
283 2993 404 3053 librarii
426 2999 492 3052 arto
516 3000 548 3052 et
568 2993 754 3056 excellentia
777 2995 911 3055 auctoris
933 2991 1061 3052 Infantia
1085 2997 1116 3051 et
1131 2988 1251 3051 exilitas

89 3080 122 3139 ita
140 3080 359 3159 abhorret,=ut
374 3077 608 3140 Pseudo-Gaius
630 3077 924 3161 Augustodunensis
946 3080 978 3138 in
1001 3083 1137 3138 mentem
1159 3074 1250 3136 nobis

90 3177 197 3230 revocet
217 3167 385 3228 Baviorum
411 3171 590 3226 nostrorum
612 3173 756 3245 poemata
782 3167 907 3227 chartae
934 3162 1085 3224 munditie
1109 3167 1140 3222 et
1160 3168 1251 3240 typo·

29 3247 30 3253 '
91 3268 148 3314 rum
167 3257 266 3316 nitore
296 3253 364 3330 ipsa
394 3268 428 3312 se
451 3249 621 3312 irridentia.
671 3253 782 3313 Gaium
804 3254 1014 3314 Veronensem
1044 3254 1075 3308 et
1095 3246 1252 3326 Augusto-

91 3334 247 3404 duuensem
271 3339 326 3418 qui
348 3343 523 3417 comparat,
554 3337 715 3419 intelleget
741 3339 825 3400 hunc
852 3338 1008 3397 hominem
1037 3351 1098 3393 non
1121 3332 1250 3410 sapiissc

91 3422 158 3487 ultra
176 3441 276 3490 unum
300 3429 458 3483 auctorem
481 3441 584 3503 suum,
608 3442 755 3505 quaeque
777 3426 809 3484 in
832 3425 899 3484 eius
922 3418 1148 3482 commentariis
1163 3417 1251 3476 inve·

91 3510 125 3568 uit
147 3509 326 3595 simpliciter
357 3515 389 3569 et
414 3509 576 3570 commoda
599 3513 751 3590 exposita,
780 3508 958 3570 reddidisse
983 3503 1128 3565 Inanibus
1158 3518 1252 3579 repe·

32 3631 33 3636 κ
91 3596 232 3664 titionibus
260 3597 303 3655 ita
324 3595 456 3673 referta,
487 3603 523 3655 ut
543 3595 642 3656 verba
665 3596 840 3674 cumularit,
864 3611 916 3654 res
939 3590 1130 3663 obscurarit;
1160 3587 1249 3652 cuius

91 3682 261 3750 tractationis
292 3682 412 3762 insigne
443 3680 623 3760 exemplum
652 3691 699 3742 est
727 3682 818 3744 dictio
847 3679 928 3740 facta
953 3676 1065 3737 infecta
1094 3672 1161 3732 fieri
1188 3689 1250 3731 non

89 3783 166 3842 possa
187 3777 218 3837 in
235 3766 328 3829 brevi
345 3768 503 3827 enuntiato
518 3773 567 3828 ter
581 3771 714 3846 repetita
737 3766 772 3846 (e.
798 3767 867 3844 tlt,
894 3764 942 3822 40.
968 3761 1016 3820 43.
1042 3759 1113 3838 tta,
1138 3756 1196 3835 45).

90 3872 1248 3910 *QQWWWVWWWWWNVVWWWNMN

163 3967 185 4030 t]
203 3969 291 4034 LVIII,
311 3972 326 4019 8
344 3967 500 4016 hereditaria
516 3988 552 4000 -
569 3959 656 4023 LVlIl,
675 3960 707 4006 23
723 3968 789 4016 pcata
806 3979 840 3991 -
857 3949 935 4014 LXII,
954 3945 1060 4030 tuscp'c.

162 4035 183 4098 2)
201 4040 211 4086 t
227 4049 279 4102 pro
293 4050 319 4087 e:
339 4034 428 4099 XLIV,
449 4038 464 4083 9
483 4031 645 4096 [doctorioais
661 4051 696 4063 -
712 4023 801 4088 XLIV,
820 4022 847 4070 at
858 4033 864 4069 :
884 4013 1046 4096 [cdopttolms
1056 4039 1092 4094 ᾗ
1101 4011 1203 4076 XLVII,
1222 4013 1249 4060 t:

88 4097 154 4151 tostis
171 4132 202 4142 -
221 4105 311 4170 LVIII,
331 4109 360 4155 t:
377 4106 464 4166 parta
480 4126 516 4137 -
532 4098 624 4162 LXlll,
644 4100 658 4145 t
676 4096 740 4144 ciuis
750 4089 818 4141 -Ε
837 4090 972 4139 contrarro
990 4097 1004 4133 a
1020 4095 1069 4148 pro
1081 4093 1102 4130 t:
1120 4079 1196 4144 XLV,
1210 4083 1250 4130 ts.

35 4159 40 4190 '
88 4165 164 4237 XLVI,
183 4178 207 4225 Ξ.
226 4179 254 4224 8:
272 4179 396 4237 parantes
409 4198 444 4208 —
456 4169 520 4233 LIV,
533 4171 578 4216 tt:
597 4165 701 4216 herodas
718 4188 751 4199 -
769 4159 834 4225 LIX,
847 4161 880 4207 49
892 4167 965 4205 ncces
981 4179 1016 4189 -
1033 4149 1098 4214 LXI,
1111 4153 1154 4198 tt:
1172 4159 1250 4209 apoc

88 4237 160 4290 uoces
175 4269 209 4280 -
227 4243 304 4308 LXII,
323 4246 370 4294 28:
386 4239 527 4303 praestas.

131 4343 204 4386 oms.
984 4319 1048 4356 *Μ
