3084 4868
634 435 946 483 —xrtt—

197 603 412 670 difficillimam
443 599 586 670 editionis
612 615 734 689 partem
765 609 833 672 iere
862 608 949 670 solus
972 607 1205 670 administrauit
1225 609 1377 691 Krueger,

196 697 261 776 qni,
286 703 438 775 qnantum
460 695 529 756 lieri
549 702 670 776 posset,
698 694 738 756 ad
758 709 798 756 ea
818 694 1039 775 supplementa
1065 705 1099 756 se
1122 695 1376 778 accommodauit,

196 791 278 862 quae
309 780 349 842 ab
378 779 446 842 aliis
473 783 554 842 uiris
581 781 680 842 doctis
708 783 779 843 neri
802 791 866 843 non
893 779 1089 842 dissimiliter
1118 783 1278 861 proposita
1306 801 1376 845 esse

190 873 352 945 ‘censeret
387 885 458 928 cnm
485 869 672 948 praesertim
698 867 758 928 hoe
784 875 847 928 toto
869 865 1040 948 'supplendi
1059 866 1164 928 'officio
1186 869 1255 948 ipsa
1276 869 1377 932 uerba

189 953 312 1014 ’Gaiana
331 955 515 1033 recuperari
539 955 592 1014 nix
613 963 708 1033 pesse
729 953 872 1035 Krueger
893 967 1017 1013 mecum
1040 955 1238 1014 consentiret.

280 1039 433 1118 Superest
454 1047 490 1099 nt
512 1038 552 1100 de
572 1046 720 1120 typorum
747 1038 926 1102 discrimine
948 1037 1094 1100 ‘dinamus
1121 1047 1153 1100 et
1179 1039 1219 1101 de
1248 1039 1376 1102 adnota-

193 1124 343 1205 tionibus,
367 1123 484 1206 quibus
503 1126 586 1186 hanc
608 1125 777 1187 editionem
798 1126 1019 1186 instruximus:

279 1205 383 1291 Atque
414 1213 552 1291 primum
586 1211 716 1292 quidem
748 1213 780 1272 in
811 1211 986 1273 uerborum
1009 1211 1199 1272 Gaianorum
1228 1219 1375 1274 contextu

193 1297 253 1357 ho'c
274 1298 342 1376 ipso
366 1302 515 1377 typorum
543 1305 659 1379 genere
686 1307 749 1379 quo
777 1300 808 1358 in
831 1298 894 1358 hac
917 1297 1112 1377 praefatione
1143 1299 1374 1378 typographum

192 1385 239 1443 uti
266 1384 431 1463 iussimus,
456 1392 613 1463 »expressa
638 1395 703 1444 non
729 1391 806 1444 sunt
833 1385 893 1445 nisi
920 1399 957 1445 ea
984 1382 1214 1444 uerbenaeue
1242 1383 1373 1462 litterae,

194 1475 415 1550 quaecumque
433 1478 522 1530 ‘oerto
544 1470 689 1531 uolneri
713 1467 868 1531 simillime
890 1471 922 1530 in
948 1470 1046 1530 ovant
1067 1486 1085 1529 a
1104 1480 1157 1530 ma
1184 1476 1239 1530 aut
1264 1469 1305 1532 ab
1329 1472 1373 1532 eis

194 1557 249 1636 qni
275 1561 347 1616 atate
377 1573 428 1616 me
456 1556 540 1618 huno
559 1555 706 1617 *codicem
729 1561 945 1618 excusserunt
970 1555 1081 1636 dispici
1105 1555 1285 1634 potuerunt.
1330 1557 1374 1617 Ea

194 1659 277 1722 quae
299 1643 331 1702 in
353 1641 527 1703 ¹uerborum
549 1649 697 1703 contextu
719 1643 874 1704 molientis
896 1641 1007 1703 litteris
1031 1657 1182 1722 expressa
1204 1649 1290 1722 sunt,
1316 1650 1375 1703 :aut

191 1728 225 1787 in
246 1725 327 1788 hb'ro
352 1727 376 1786 G
395 1726 458 1809 legi
480 1727 609 1808 quidem
626 1737 694 1789 non
715 1734 886 1808 potuerunt
902 1727 958 1789 ¹uel
974 1745 991 1788 a
1005 1726 1185 1808 legentibus
1196 1739 1273 1789 ‘oum
1289 1729 1375 1790 simi-

191 1811 277 1874 libus
295 1813 411 1874 'litteris
438 1820 719 1892 permulsissent,
744 1814 808 1876 'sed
834 1821 898 1874 tam
925 1813 1132 1894 probabiliter
1150 1811 1297 1894 suppleri
1318 1814 1373 1876 nel

191 1901 307 1960 mutari
325 1905 512 1981 potuerunt,
543 1907 582 1962 ut
602 1901 670 1962 iare
691 1899 781 1961 nulla
801 1907 936 1962 restaret
957 1900 1125 1979 dubitatio,
1154 1906 1209 1962 aut
1229 1899 1320 1961 alitor
1336 1901 1372 1962 in

191 1984 273 2046 libio
293 1983 322 2045 ⁴0
342 1985 502 2066 legantur,
534 1986 614 2068 quid
637 1993 741 2047 autem
760 1985 846 2048 liber
870 1985 893 2046 G
913 2001 971 2067 pro
993 1987 1042 2048 his
1064 1984 1231 2067 praebeat,
1264 1989 1296 2047 in
1316 1988 1373 2048 in·

191 2070 335 2132 feriore
357 2071 591 2133 adnotationum
609 2071 766 2133 'laterculo
788 2079 933 2134 accurate
948 2070 1222 2154 adnotnuimusli).
1261 2073 1373 2134 Omisi-

190 2173 267 2218 mus
292 2163 401 2219 tumen
430 2160 644 2238 inapparatu
674 2159 779 2219 critico
808 2158 901 2240 longe
932 2157 1068 2238 plurima
1095 2169 1204 2220 eorum
1227 2169 1308 2240 qnam
1331 2158 1372 2220 ad

193 2242 293 2304 solam
313 2261 383 2306 rem
406 2241 718 2328 orthographicamfl)
737 2243 794 2304 uel
815 2244 856 2305 ad
875 2251 963 2305 notas
980 2242 1058 2326 (sina
1074 2241 1259 2324 compendia
1273 2246 1372 2324 scrip—

190 2335 282 2390 turae
310 2326 481 2412 sollemnia)
497 2327 614 2391 ‘leuiter
642 2337 805 2410 corruptas
832 2333 1002 2410 pertinent3
1026 2347 1108 2410 quae
1137 2331 1163 2392 si
1193 2329 1371 2412 relinquam

192 2421 224 2477 et
246 2417 375 2477 inertiae
396 2427 487 2479 metae
509 2416 634 2498 largiar,
657 2425 720 2478 noh
737 2423 858 2477 'uereor
876 2431 919 2478 'ne
941 2417 1016 2477 mihi
1031 2418 1207 2477 irascantur
1221 2412 1370 2478 lectores:

191 2519 230 2562 ea
251 2503 353 2564 omnia
376 2503 404 2563 si
427 2504 497 2584 quis
512 2504 695 2564 accuratius
719 2513 906 2583 cognoscere
928 2501 1015 2580 uelit,
1038 2501 1139 2563 adeat
1157 2501 1200 2562 =G⁵
1215 2507 1254 2562 st
1275 2497 1372 2581 inpri-

191 2589 251 2648 mis
277 2587 397 2671 indicas
425 2597 569 2650 notarum
603 2596 635 2650 ct
666 2589 938 2670 orthographicum
968 2585 1017 2670 (0⁸
1044 2599 1114 2670 pag.
1144 2587 1313 2649 dbia-iili
1340 2595 1372 2649 at

189 2691 262 2756 pag.
287 2675 487 2754 3434th
511 2675 690 2756 apographo
713 2677 796 2736 enim
816 2693 887 2736 meo
906 2673 1154 2736 cerere-omnino
1169 2688 1232 2734 non
1247 2675 1369 2752 poterit,

190 2760 219 2821 si
253 2761 324 2841 quis
356 2762 450 2822 orisln
478 2760 627 2842 Gaianam
656 2767 742 2822 recte
768 2761 931 2823 instituere
960 2759 1105 2822 uoluerit.
1158 2759 1302 2823 Getarum
1336 2767 1372 2820 ut

190 2853 314 2925 eorum,
348 2849 403 2927 qui
435 2847 494 2908 hac
526 2847 662 2908 editione
688 2849 779 2908 usuri
809 2855 928 2927 essent,
963 2845 1126 2908 commodo
1154 2847 1369 2926 inseruiretur,

190 2932 345 2993 nonnulla
367 2935 398 2993 in
422 2951 537 3014 genere
560 2934 798 3014 orthographiae
821 2935 942 2996 firmius
959 2931 1175 2994 constituenda
1190 2934 1372 3012 putauimus

190 3171 250 3222 uel:
273 3175 318 3222 sad
333 3175 362 3222 ist
376 3173 492 3235 pondero
507 3177 608 3237 posito3
631 3187 694 3226 eom
709 3179 736 3225 ct
753 3171 833 3240 otissa
851 3175 955 3224 libratas
972 3179 1048 3224 crunt
1065 3179 1089 3224 et
1106 3175 1232 3235 dupundii
1250 3173 1322 3223 Maca
1341 3173 1371 3222 li-

195 3241 257 3292 oras
272 3243 439 3293 conticebant
455 3242 500 3293 uel
518 3243 626 3294 similia.

263 3324 303 3390 it)
324 3328 479 3390 Lagentium
503 3329 590 3379 oculis
612 3331 644 3380 ut
664 3341 900 3394 succurreremus,
925 3329 1104 3393 inapparatu
1126 3329 1221 3378 critico
1239 3326 1370 3376 lectiones

191 3393 296 3446 codicis
317 3393 344 3460 G,
369 3398 416 3461 qui
434 3397 562 3448 continua
581 3397 715 3462 scriptura
739 3397 767 3448 id
790 3399 903 3448 estnon
925 3397 1068 3462 diremptis
1085 3395 1227 3447 uocabulis
1246 3397 1369 3445 exaratus

190 3465 241 3528 est,
264 3465 301 3514 ita
319 3467 594 3532 rapmesentauimus,
617 3468 648 3516 ut
664 3466 750 3516 uerba
767 3465 825 3516 iere
844 3467 1002 3517 constanter
1019 3465 1152 3530 dirempta
1171 3463 1369 3515 exhiberemus.

189 3531 242 3582 Vbi
254 3535 366 3598 propter
379 3534 567 3599 imperfectam
586 3535 728 3586 lectionem
746 3535 893 3585 nonnullae
911 3535 1016 3585 litterae
1033 3535 1061 3585 in
1078 3533 1098 3584 0
1115 3533 1166 3596 legi
1185 3533 1297 3596 quidem
1315 3547 1369 3582 non

188 3605 317 3666 poteram
334 3603 382 3654 sed
402 3617 471 3668 quae
489 3604 597 3656 litterae
614 3605 767 3655 extitissent
783 3604 979 3654 sententiarum
998 3615 1103 3654 conexu
1119 3613 1255 3668 perpenso
1266 3601 1370 3666 proba-

189 3669 283 3722 biliter
305 3671 430 3722 diuinare
455 3672 543 3738 licuit,
567 3685 758 3737 nonnusquam
783 3685 830 3723 aas
849 3673 921 3738 ipsas
939 3672 1043 3721 litteras
1061 3671 1105 3722 his
1122 3671 1231 3720 uncinis
1249 3668 1274 3734 (l
1292 3681 1370 3734 saep-

191 3741 233 3790 tas
245 3741 469 3805 perscripsimus:
488 3743 527 3792 sic
545 3743 556 3791 l
573 3742 650 3804 §tat
669 3742 809 3792 adnotatio
827 3741 861 3792 ad
880 3751 940 3806 paq.
953 3743 985 3791 tt
1005 3753 1076 3791 uers.
1089 3744 1120 3788 stt
1140 3739 1223 3790 huius
1240 3739 1370 3790 editionis

189 3822 206 3859 a
225 3808 305 3859 nobis
324 3809 461 3876 adscripta
473 3807 671 3876 strepltelsue«
686 3809 826 3873 signifieat
848 3811 876 3859 in
897 3809 916 3860 G
934 3809 987 3872 lagi
1004 3821 1060 3859 non
1078 3809 1197 3873 petuisse
1216 3809 1269 3859 nisi
1286 3821 1368 3858 ›sue‹

190 3877 305 3944 litteras,
322 3878 466 3943 probabile
482 3883 573 3930 tamen
591 3880 823 3944 esseproximum
842 3879 905 3928 ante
922 3878 971 3928 has
990 3878 1092 3928 litteras
1111 3876 1202 3928 locum
1220 3889 1370 3941 occupasse

189 3945 294 3998 litteras
313 3951 424 4013 ›nepte‹
445 3949 490 4014 ita,
502 3951 542 3998 ¹ut
560 3950 588 3998 in
604 3949 704 4014 prioris
721 3960 820 3999 uersus
837 3949 910 3997 exitu
928 3947 1034 3998 litterae
1053 3959 1146 4012 »nep«,
1157 3947 1193 3996 ·in
1210 3946 1369 4010 posterioris

189 4025 291 4068 uersus
308 4017 386 4068 initio
405 4018 510 4068 litterae
528 4019 587 4068 ›te‹
605 4019 670 4068 ante
689 4026 770 4068 ›sua‹
790 4018 919 4067 extarent

262 4101 302 4164 ti)
319 4101 379 4154 Nec
397 4103 483 4168 magis
499 4092 637 4155 uocabula
654 4105 682 4154 in
698 4102 718 4155 G
734 4101 805 4154 mile
824 4103 939 4153 dissecta
957 4103 1002 4152 uel
1019 4112 1162 4168 perperam
1182 4100 1290 4152 duobus
1307 4111 1369 4150 usr-

190 4171 269 4222 sibus
294 4170 440 4223 distributa
465 4175 493 4223 in
512 4175 642 4238 apparatu
661 4174 755 4224 critico
774 4174 945 4236 eurauimus;
970 4167 1041 4222 coni.
1061 4171 1094 4223 de
1113 4170 1280 4238 syllabarum
1300 4169 1369 4220 diui·

190 4241 270 4291 sione
290 4238 322 4290 0³
339 4254 398 4305 pag.
410 4255 471 4293 xxm
489 4255 564 4307 seqq.
