3094 4860
22 601 24 636 Ι

22 727 24 780 ι

22 845 24 876 ι

541 493 626 504 .-
670 461 711 524 55
755 497 839 505 -.
1060 463 1084 512 ιι
1102 462 1230 523 §aa-so

156 665 303 716 concessa
325 654 381 726 est,
404 645 417 726 ΙΙ
437 655 472 708 ιιι
494 654 527 714 et
547 665 600 709 res
623 666 705 728 quae
728 647 795 710 solo
818 651 1029 728 continentur,
1053 667 1133 712 anno
1155 667 1300 724 usu-pag.
1314 662 1345 710 aa

111 733 144 792 ti
155 736 326 814 capiantur.
372 735 477 806 Quare
504 741 610 796 autem
632 733 686 794 hoc
708 751 783 796 cusu
806 735 895 796 etium
918 735 977 796 soli
999 753 1107 797 rerum
1129 754 1233 805 annua

154 822 321 890 constituta
344 821 384 884 sit
405 821 566 900 usucapio,
590 819 646 884 illa
667 821 746 880 ratio
769 827 826 899 cst,
850 820 937 902 quod
959 820 1032 884 olim
1054 840 1162 883 rarum
1176 823 1233 886 he·

153 905 374 970 redituriarum
410 907 608 986 possessione
641 906 727 968 uelut
757 908 845 986 ipsae
875 906 1067 970 hereditates
1100 911 1233 988 usucapi

153 991 376 1072 credebantur,
410 991 530 1054 seilicet
562 1010 652 1054 anno.
701 992 756 1054 lex
785 995 866 1054 enim
899 1013 941 1054 ιιι
972 993 1153 1060 tabularum
1176 993 1256 1056 solis

153 1079 284 1159 quIdem
304 1097 359 1140 res
379 1079 506 1142 hiennio
527 1081 660 1158 usucapi
675 1081 774 1158 iussit,
799 1085 919 1142 ceteras
935 1098 1011 1142 uero
1028 1097 1118 1148 anno.
1157 1099 1231 1164 ergo

152 1164 311 1226 hereditas
337 1167 369 1226 in
395 1167 508 1228 ceteris
535 1164 633 1226 rebus
663 1163 834 1227 uidebatur
862 1183 948 1246 esse,
982 1169 1055 1246 quia
1082 1165 1141 1228 soli
1169 1186 1233 1232 non
1272 1156 1281 1177 “

153 1257 209 1330 eat,
235 1253 309 1332 quia
331 1268 437 1332 neque
461 1251 632 1330 corporalis
655 1258 711 1312 est.
751 1248 812 1333 (et)
837 1253 982 1333 quamuis
1004 1260 1115 1332 postea
1130 1251 1233 1316 credi·

153 1345 219 1400 tum
243 1340 284 1400 sit
304 1339 389 1417 ipsas
409 1336 601 1399 hereditates
616 1339 748 1416 usucapi
762 1355 825 1400 non
840 1355 943 1418 posse,
966 1339 1118 1408 tamenin
1135 1342 1233 1402 omni-

154 1421 214 1484 bus
243 1423 342 1489 rebus
369 1423 583 1502 hereditariis,
615 1424 707 1484 etiarn
735 1442 816 1504 quae
846 1422 910 1486 solo
938 1431 1099 1505 tenentur,
1128 1437 1272 1488 annuato

110 1505 144 1564 55
152 1512 304 1588 usucapio
326 1511 485 1572 remansit.
525 1510 628 1582 Quare
651 1516 756 1570 autem
779 1512 903 1572 omnino
925 1517 989 1572 tam
1012 1511 1144 1590 inproba
1159 1529 1233 1592 pos-

154 1597 251 1663 sessio
275 1602 307 1658 et
327 1597 478 1675 usucapio
501 1613 650 1656 concessa
672 1597 727 1675 sit,
755 1595 809 1658 illa
830 1599 908 1658 ratio
932 1603 989 1676 est,
1013 1596 1098 1677 quod
1122 1597 1232 1662 uolue-

153 1689 226 1744 runt
248 1689 375 1744 ueteres
397 1683 550 1745 maturius
572 1680 764 1744 hereditates
784 1681 873 1762 adiri,
897 1691 933 1744 ut
948 1689 1054 1749 essent
1073 1685 1128 1764 qui
1144 1701 1231 1745 sacra

154 1767 307 1846 iacerent,
340 1787 475 1848 quorum
501 1767 563 1829 illis
591 1767 788 1846 temporibus
815 1787 936 1830 summa
960 1767 1141 1832 obseruatio
1162 1769 1231 1848 fuit,

153 1861 180 1914 et
211 1861 246 1918 ιιι
279 1853 450 1924 creditores
484 1853 651 1931 haberent,
686 1871 704 1914 a
738 1873 800 1934 quo
831 1873 924 1922 suum
951 1863 1230 1936 consequerentur.
1243 1867 1272 1916 tt

110 1934 144 1994 56
154 1940 236 2004 Haec
263 1947 368 2000 autem
395 1942 517 2019 species
544 1941 752 2019 possessionis
780 1948 811 2002 et
837 1943 1038 2021 usucapionis
1066 1943 1158 2012 etiam
1181 1942 1232 2004 lu·

154 2027 272 2096 cratiua
294 2033 442 2102 uocatur;
465 2044 537 2087 nam
560 2027 662 2088 sciens
686 2028 821 2107 quisque
843 2045 911 2090 rem
934 2026 1068 2090 alienam
1090 2027 1172 2090 lucri
1186 2029 1232 2110 fa-¹

110 2104 201 2174 ticio.
241 2111 305 2176 Sed
326 2113 386 2174 hoo
407 2119 548 2192 tempore
564 2114 626 2174 iam
641 2130 703 2174 non
719 2119 767 2176 est
782 2112 943 2174 lucratiua.
982 2131 1055 2174 nam
1071 2133 1111 2176 ex
1126 2123 1232 2176 aucto-

153 2200 242 2258 ritate
266 2197 414 2262 Hadriani
437 2197 745 2263 senatusconsultum
768 2198 884 2260 factum
907 2207 965 2280 est,
994 2207 1030 2262 ut
1051 2199 1131 2262 tales
1153 2219 1231 2264 usu-

154 2285 299 2363 capiones
321 2292 555 2346 reuocarentur.
595 2291 627 2346 et
648 2283 719 2345 ideo
741 2292 845 2364 potest
866 2285 959 2348 heres
983 2285 1023 2347 ah
1040 2304 1076 2348 eo
1093 2288 1148 2366 qui
1162 2298 1271 2348 remae

152 2371 298 2448 usucepit
325 2369 532 2448 hereditatem
560 2369 697 2450 petendo
725 2370 857 2450 proinde
888 2386 956 2431 cam
979 2389 1047 2432 rem
1069 2375 1229 2452 consequi,

109 2448 247 2538 58atque
271 2457 297 2516 si
319 2463 473 2535 usucapta
494 2475 556 2518 non
579 2464 671 2518 esset.
689 2455 701 2538 ιΙ
716 2457 892 2518 necessario
915 2465 1019 2518 tamen
1041 2457 1160 2520 herede
1177 2477 1298 2531 ex-pag.
1313 2469 1345 2516 aa

109 2534 236 2603 titanae
266 2541 344 2602 nihil
372 2543 441 2622 ipso
470 2543 539 2604 iure
568 2561 625 2623 pro
652 2541 771 2604 herede
797 2543 929 2626 usucapi
955 2549 1068 2626 potest.
1117 2541 1230 2628 Adhuc

153 2629 244 2690 etiam
275 2647 316 2688 ex
341 2627 409 2690 aliis
439 2631 541 2690 causis
568 2630 670 2690 sciens
698 2631 834 2710 quisque
863 2647 931 2690 rem
960 2627 1093 2690 alienam
1115 2647 1229 2690 usuca-

150 2715 203 2794 pit.
249 2732 323 2775 nam
350 2716 405 2796 qui
431 2733 500 2776 rem
526 2713 619 2776 alicui
647 2713 781 2776 fiduciae
810 2732 905 2776 causa
930 2717 1084 2794 mancipio
1107 2714 1230 2777 dederit
1239 2727 1270 2774 aa

150 2799 204 2862 nel
225 2801 259 2860 in
280 2802 349 2864 iure
372 2802 511 2880 cesserit,
536 2803 562 2862 si
586 2801 719 2864 eandem
742 2802 810 2881 ipse
825 2800 1012 2880 possederit,
1034 2808 1138 2882 potest
1152 2820 1229 2864 usu-

151 2903 275 2963 capere,
298 2904 379 2948 anno
396 2885 521 2966 scilicet,
547 2883 668 2970 (etiam)
692 2887 750 2948 soli
766 2889 792 2948 si
815 2889 863 2948 sit.
902 2905 984 2968 quae
1008 2888 1130 2970 species
1152 2907 1230 2950 usu·

152 2973 289 3052 capionis
316 2971 430 3034 dicitnr
457 2975 671 3052 usureceptio,
702 2976 777 3054 quia
797 2973 839 3052 id,
864 2973 950 3055 quod
978 2973 1148 3055 aliquando
1174 2975 1230 3042 ha-

108 3049 289 3142 6⁰huimus,
304 3059 473 3137 recipimus
488 3077 546 3138 per
560 3061 808 3139 usucapionem..
830 3060 893 3122 Sed
907 3059 1023 3122 fiducia
1038 3062 1230 3123 contrahitur

152 3151 204 3205 aut
231 3163 305 3205 cum
332 3143 485 3208 creditore
512 3145 650 3224 pignoris
673 3148 756 3223 iure,
784 3153 838 3207 aut
861 3165 932 3208 cum
955 3148 1067 3227 amico,
1096 3167 1156 3229 quc
1179 3155 1269 3208 ιιι-ιο

150 3230 211 3295 tius
241 3237 367 3292 nostrae
395 3249 447 3292 res
474 3229 560 3310 apud
589 3250 660 3292 eum
687 3233 763 3308 sion
792 3239 819 3293 et
847 3231 1004 3313 siquidem
1035 3252 1107 3295 cum
1130 3235 1227 3296 amico

688 3433 1229 3455 ΝνννκΛΛΝννννκω-υννκΛΛΛΛΛΝΜΛΜΛΛΝ

217 3588 305 3644 thoe
324 3601 391 3642 casu
414 3590 494 3638 etiam
516 3589 652 3652 Goeschan,
671 3591 754 3642 etiam
777 3590 830 3640 hcc
853 3603 920 3642 casu
941 3589 960 3642 0
985 3586 995 3658 ΙΙ
1021 3594 1035 3640 ι
1054 3591 1227 3656 possessione

149 3657 224 3708 uelut
243 3658 414 3722 Brinnonem,
432 3659 621 3722 possessiones
638 3661 669 3709 ut
690 3659 709 3710 0
730 3656 741 3724 ΙΙ
764 3663 778 3708 5
797 3659 904 3710 scilicet
920 3673 991 3710 auno
1010 3665 1142 3722 tamquam
1158 3661 1227 3723 ptos-

149 3739 220 3777 semo
236 3727 304 3778 dotet
315 3727 453 3776 Moirheoct
468 3721 479 3791 ΙΙ
497 3729 511 3774 6
530 3739 574 3777 res
592 3741 626 3778 ce
644 3740 690 3777 rac
708 3732 852 3778 correctum
866 3728 886 3780 C
901 3723 912 3794 ΙΙ
930 3733 944 3778 8
961 3729 1043 3778 uerbo
1061 3729 1123 3792 quia
1138 3741 1226 3792 nequo

149 3795 298 3860 corporalis
316 3799 358 3845 est
375 3799 505 3858 tamquam
525 3796 652 3858 glossema
673 3797 740 3847 delet
757 3797 887 3846 Poleacor
912 3794 922 3864 ι
948 3799 975 3846 ct
991 3798 1088 3847 eddidit
1105 3797 1203 3860 Homer
1217 3795 1228 3864 ss

149 3866 180 3912 to
200 3867 328 3916 tenentur
342 3864 480 3922 Goeacten,
500 3866 644 3916 teneantur
658 3864 677 3915 0
693 3861 703 3930 ΙΙ
721 3867 752 3914 ιι
767 3864 932 3916 ohisernatio
948 3865 967 3916 0
982 3867 1035 3928 (aad
1046 3865 1172 3918 inductol
1186 3867 1228 3918 tit·

149 3933 211 3996 tero)
223 3929 233 4001 [l
247 3935 279 3984 ιι
292 3935 319 3984 et
330 3937 361 3982 ut
375 3931 512 3997 Goesctec,
530 3935 599 3982 utet
615 3933 634 3984 G
651 3927 660 4000 ΙΙ
679 3936 708 3982 ι8
724 3934 779 3984 iam
793 3933 915 3998 Schopoa,
928 3935 1010 3985 stiam
1027 3934 1047 3984 C
1062 3930 1073 3998 ΙΙ
1090 3933 1228 3986 hauctcri·
1269 3939 1273 3945 '

149 4003 202 4053 tate
223 4015 259 4052 ee
280 4002 492 4052 hanctoritatem
514 4007 658 4052 correctum
678 3997 724 4068 ΟΙι
745 4005 776 4052 ta
796 4002 922 4054 hadriani
943 4001 971 4068 C,
994 4001 1077 4072 (diui)
1098 4003 1228 4056 Hadriani

150 4069 265 4122 Huschke
281 4066 292 4134 ΙΙ
310 4071 490 4134 usucapiones
505 4069 644 4130 Goescheu,
663 4072 859 4135 usucapionem
877 4071 897 4122 G
912 4069 922 4138 ΙΙ
939 4075 967 4120 ιι
985 4072 1111 4137 proinde]
1123 4069 1228 4140 plinde

152 4137 178 4200 C,
199 4139 266 4202 conf.
283 4139 387 4203 Genea.
399 4136 471 4206 28611
488 4141 520 4190 22
533 4141 606 4190 essct
619 4139 767 4206 Boethottz,
785 4143 859 4192 esset
876 4143 903 4190 et
923 4139 943 4191 0
958 4135 968 4208 fl
985 4143 1017 4200 ιι
1031 4141 1227 4196 seilicetetiam

149 4207 305 4269 iactaturus,
325 4204 450 4258 scilicet?
471 4203 517 4274 ΟΙΙ
535 4211 566 4256 29
586 4207 645 4273 sed]
666 4207 714 4268 scd
733 4222 796 4260 cum
813 4209 843 4274 G;
861 4211 928 4272 quod
945 4213 969 4260 st
980 4214 1138 4278 receneris,
1155 4212 1228 4275 tusco

150 4275 276 4340 (uertet)
290 4283 316 4328 et
329 4275 531 4343 delectamenti
546 4279 576 4326 ιο
592 4292 647 4342 quo
657 4277 782 4344 Huschke,
797 4279 872 4343 quod
884 4276 925 4346 θιΙ
941 4282 968 4330 ιι
983 4281 1037 4330 sint
1046 4280 1082 4346 et]
1097 4283 1188 4342 essent
1199 4279 1226 4332 C.
