3084 4868
135 594 236 656 fidem
269 591 479 654 laudauimus.
537 591 699 653 Maluimus
730 599 835 652 autem
868 590 978 669 plures
1012 609 1107 671 quam
1141 590 1181 653 ad
1209 591 1319 652 Gaium

135 678 374 742 emendandum
408 695 487 757 opus
517 685 602 740 esset
630 678 771 738 lectionis
800 676 1024 756 discrepantias
1059 695 1099 738 ex
1126 679 1258 758 Digestis
1289 686 1320 738 et

135 764 390 828 Institutionibus
427 765 589 826 Iustiniani
625 771 789 843 excerptas
827 762 1024 841 adscribere,
1067 771 1103 824 ut
1143 771 1318 843 appareret,

134 870 235 934 quam
257 851 358 912 libere
380 849 540 910 interdum
567 852 596 911 ei
622 851 677 930 qui
706 851 796 910 iussu
818 849 980 910 Iustiniani
1001 851 1124 930 Digesta
1148 851 1320 911 Institutio-

135 957 240 1000 nesue
263 935 501 1016 componebant,
525 938 671 997 orationis
693 935 828 997 Gaianae
851 935 982 995 formam
1004 937 1237 1014 immutassent3
1260 955 1319 998 neo

134 1042 250 1106 parum
276 1023 350 1084 inde
380 1022 422 1083 ad
450 1025 543 1085 crisin
570 1029 601 1084 et
623 1023 678 1083 Gai
706 1029 737 1082 et
759 1023 920 1082 Iustiniani
943 1022 1172 1082 Institutionum
1195 1041 1320 1102 promo·

134 1110 276 1174 nondam
297 1109 499 1189 profecimus,
522 1108 608 1189 quod
630 1109 686 1168 hos
709 1107 945 1187 compilatorum
961 1108 1201 1169 Iustinianorum
1222 1108 1320 1176 libros

137 1197 245 1259 denuo
279 1195 476 1256 contulimus.
533 1196 593 1266 Qui
624 1193 840 1272 compilatores
873 1192 1067 1273 ubicumque
1104 1201 1235 1274 propter
1270 1197 1320 1256 ius

135 1290 290 1346 nouatum
314 1281 414 1342 uerba
435 1281 550 1342 Gaiana
573 1287 627 1340 aut
649 1279 819 1341 omittendo
842 1286 896 1340 sut
918 1279 1064 1341 addendo
1087 1288 1142 1340 eut
1163 1279 1222 1342 alia
1244 1281 1322 1342 sub-

141 1367 536 1446 stituendomutauerunt,
559 1366 591 1427 id
615 1383 714 1447 genus
738 1365 966 1444 discrepantiae
989 1368 1021 1426 in
1044 1374 1229 1446 apparatum
1258 1371 1320 1428 cri-

136 1458 235 1516 ticum
262 1454 329 1514 fere
356 1471 419 1513 non
447 1455 641 1532 recepimus3
675 1471 734 1512 nec
762 1454 861 1532 magis
891 1451 1125 1532 adnotauimus‚
1160 1452 1262 1514 sicubi
1287 1457 1320 1514 in

136 1539 260 1621 periodi
283 1539 415 1600 alicuius
439 1558 479 1599 ox
500 1533 624 1599 Gaianis
640 1537 890 1598 Institutionibus
913 1537 1117 1623 depromptae
1139 1540 1224 1600 initio
1246 1559 1320 1619 par-

139 1627 254 1686 ticulae
276 1625 474 1704 copulatiuae
498 1624 538 1686 ab
561 1625 739 1686 Iustinianis
761 1631 890 1703 propter
912 1626 1137 1685 sententiarum
1165 1643 1319 1686 conexum

141 1719 276 1773 mutatae
303 1718 385 1772 sunt.
431 1713 509 1771 llaro
538 1717 691 1770 mutatum
719 1712 752 1770 in
782 1711 942 1770 Iustiniani
970 1710 1219 1788 Institutionibus
1246 1730 1320 1772 uer-

140 1797 253 1859 borum
276 1797 418 1858 ordinem
440 1815 503 1858 non
526 1797 732 1876 enotauimus‚
755 1796 812 1857 ubi
834 1798 1106 1876 transpositionem
1128 1795 1215 1856 illam
1237 1797 1320 1858 arbi-

37 1903 63 1928 -·
135 1886 197 1944 trio
231 1883 466 1962 compilatorum
500 1883 740 1943 Iustinianorum
775 1881 887 1942 deberi
919 1883 956 1963 (e.
991 1901 1019 1963 g.
1055 1902 1094 1943 ex
1120 1884 1319 1963 Digestorum

135 1965 377 2050 comparatione)
405 1975 489 2030 oerto
518 1976 656 2048 apparet.
707 1968 810 2048 Atque
837 1968 892 2030 uel
918 1970 1017 2049 magis
1043 1969 1203 2048 Epitomae
1230 1970 1319 2032 Gaia-

139 2075 196 2118 nae
226 2055 376 2116 lectiones
404 2074 422 2115 a
448 2053 554 2116 oodioo
583 2055 606 2135 G
630 2054 844 2132 discrepantes
874 2055 995 2115 silentio
1022 2056 1319 2134 praetermittendae

143 2149 240 2203 erant.

224 2229 261 2288 In
284 2229 482 2306 superiore
513 2225 747 2288 adnotationum
774 2224 940 2304 laterculo,
968 2225 1001 2286 id
1030 2233 1078 2287 ost
1099 2228 1180 2288 inter
1202 2227 1319 2290 uerbo-

134 2332 207 2376 rum
231 2313 418 2376 Gaianorum
441 2320 619 2372 contextum
643 2311 785 2372 stillum
809 2310 849 2372 de
876 2330 939 2392 quo
968 2311 1104 2372 diximus
1134 2320 1319 2392 apparatum

135 2402 288 2480 criticum,
312 2398 445 2459 indicem
469 2400 681 2478 congessimus
706 2415 813 2457 eorum
836 2397 985 2475 locorum,
1010 2399 1065 2478 qui
1088 2397 1141 2458 uel
1163 2400 1195 2458 in
1210 2399 1319 2478 Diges-

134 2489 175 2547 tis
209 2485 264 2547 uel
294 2487 326 2546 in
355 2485 603 2545 Institutionibus
639 2484 800 2544 Iustiniani
830 2483 883 2544 uel
909 2485 941 2543 in
974 2483 1042 2544 aliis
1075 2482 1165 2544 libris
1198 2484 1320 2546 iuridici

137 2573 316 2653 argumenti
338 2590 378 2632 ex
400 2570 455 2631 Gai
478 2569 726 2631 Institutionibus
750 2571 817 2630 siue
841 2570 881 2631 ad
909 2568 1046 2631 uerbum
1075 2576 1166 2630 tenus
1194 2578 1322 2632 seruata

138 2659 288 2720 orationis
312 2657 446 2718 Gaianae
474 2656 574 2717 forma
600 2658 668 2717 siue
694 2655 798 2717 leuius
825 2658 986 2717 immutata
1014 2654 1172 2734 desumpti
1195 2655 1319 2734 sunt²⁰)‚

139 2745 310 2805 Omisimus
333 2749 437 2804 tamen
459 2744 492 2802 in
513 2743 573 2803 hoo
595 2741 697 2803 indice
719 2743 894 2821 Epitomam
916 2740 1073 2821 Gaianam,
1103 2759 1198 2821 quam
1226 2761 1265 2803 ne
1288 2745 1321 2804 in

139 2835 295 2910 apparatu
318 2830 421 2889 critico
445 2828 574 2908 quidem
597 2830 761 2889 citauimus
784 2829 844 2888 nisi
867 2831 898 2888 in
924 2827 999 2888 locis
1023 2827 1214 2908 quibusdam
1238 2829 1322 2889 dilli-

138 2915 311 2976 cilioribus.
357 2914 417 2976 Vbi
440 2932 564 2992 eorum,
599 2916 654 2994 qui
676 2915 707 2975 in
729 2915 789 2976 hoo
810 2913 913 2975 indice
935 2915 1160 2994 respiciuntur,
1191 2915 1321 2976 fontium

140 3009 305 3063 contextus
328 3000 406 3061 adeo
430 3002 582 3062 consentit
603 3019 675 3061 cum
696 3001 773 3079 ipsis
796 3000 851 3063 Gai
873 2999 991 3079 uerbis,
1015 3007 1050 3060 ut
1073 3019 1180 3061 omnes
1205 3001 1323 3063 discre-

139 3089 263 3168 pantias
280 3105 320 3148 ex
334 3086 394 3147 illis
410 3089 443 3146 in
459 3093 612 3166 apparatu
627 3087 731 3146 oritico
748 3093 874 3147 enotare
895 3084 995 3164 liceat,
1017 3086 1076 3146 hoo
1097 3087 1185 3166 signo
1204 3089 1323 3149 utimur

143 3198 223 3228 ›=‹
250 3171 334 3255 (uide
358 3192 384 3232 e.
409 3191 437 3252 g.
462 3173 474 3232 Ι
499 3173 518 3250 5
543 3169 587 3254 l);
612 3171 666 3233 ubi
694 3171 789 3252 paulo
816 3171 964 3251 pluribus
986 3174 1155 3233 immutatis
1182 3175 1223 3234 ita
1251 3193 1324 3235 oon-

140 3261 249 3339 sentit,
282 3266 318 3320 ut
345 3258 411 3318 lere
435 3276 542 3319 omnes
571 3257 795 3337 discrepantias
824 3266 951 3319 enotare
978 3257 1115 3337 licuerit,
1146 3259 1206 3320 hoe
1233 3262 1321 3339 signo

143 3346 230 3406 »fere
247 3370 306 3398 =‹
332 3341 418 3426 (uide
448 3364 475 3404 e.
505 3363 533 3425 g.
558 3342 784 3422 1§38);ubi
812 3343 949 3424 denique
978 3343 1125 3405 Gaianam
1153 3347 1322 3406 orationem

139 3431 273 3492 liberius
301 3437 450 3491 mutatam
479 3447 549 3491 esse
580 3437 724 3509 apparet,
760 3449 854 3512 quam
888 3438 923 3492 ut
956 3448 1063 3491 omnes
1098 3429 1322 3509 discrepantias

140 3525 267 3578 enotare
295 3517 341 3577 fas
365 3517 404 3576 sit
425 3549 467 3560 -
488 3516 521 3576 id
545 3515 630 3596 quod
657 3517 783 3595 saepius
806 3519 837 3576 in
865 3516 953 3577 libris
978 3516 1207 3578 Institutionum
1231 3517 1322 3577 lusti-

140 3605 225 3664 niani
246 3605 337 3664 tertio
360 3609 391 3662 et
414 3609 524 3682 quarto
540 3620 635 3682 quam
650 3603 681 3662 in
697 3601 786 3662 libris
801 3603 901 3682 primo
918 3610 949 3662 et
964 3601 1103 3663 seeundo
1118 3601 1234 3662 sactum
1250 3621 1321 3664 esse

143 3695 265 3751 constat
285 3722 336 3767 —,
360 3689 419 3748 hoo
441 3689 528 3768 signo
551 3689 669 3749 utimur
694 3687 810 3748 ›conl‹
836 3685 921 3768 (uide
945 3707 971 3748 e.
996 3708 1023 3768 g.
1048 3689 1060 3748 l
1084 3687 1104 3764 ξ
1127 3685 1188 3763 39).

229 3776 262 3835 ln
285 3773 396 3836 eodem
413 3773 644 3836 adnotationum
660 3773 812 3834 laterculo
833 3773 934 3834 sicubi
949 3773 1044 3834 Gaius
1059 3775 1127 3852 ipse
1146 3773 1221 3834 alios
1240 3793 1322 3835 com-

141 3862 366 3921 mentariorum
389 3878 518 3921 suorum
541 3859 625 3921 locos
648 3861 728 3938 oitat,
753 3877 806 3920 eos
828 3860 912 3920 locos
936 3860 1000 3919 suis
1023 3861 1162 3920 numeris
1186 3861 1321 3941 signatos

140 3946 349 4009 indicauimus
372 3945 456 4026 (uide
480 3966 506 4006 1.
531 3966 559 4028 g.
584 3946 639 4024 1§
664 3943 723 4022 39).

143 4085 298 4094 ..η-.-

214 4152 255 4214 20)
274 4153 353 4216 Raro,
366 4151 414 4202 ubi
427 4165 496 4217 opus
509 4165 569 4203 1111
581 4154 672 4203 uisum
686 4155 734 4219 est,
749 4151 865 4202 conlerri
878 4153 1008 4202 iussimus
1021 4152 1122 4204 similes
1135 4153 1209 4202 locos
1222 4154 1250 4201 in
1262 4153 1322 4202 aliis

144 4221 263 4285 (praeter
286 4220 470 4273 Institutiones
488 4221 611 4284 Gaianas)
631 4222 680 4272 Gai
697 4223 773 4273 libris
798 4223 931 4286 extantes3
955 4222 1020 4273 uide
1044 4236 1066 4273 1.
1085 4235 1109 4286 g.
1127 4223 1150 4270 ΙΙ
1168 4221 1206 4284 55.
1221 4225 1260 4271 67.
1281 4225 1320 4270 70.
