3094 4860
508 416 592 428 ..-
636 381 677 447 83
722 349 805 428 -ζ
989 383 1193 446 nster-ree

68 575 118 636 488
127 591 249 653 quoque
272 571 356 634 idem
380 589 451 633 esse
467 571 666 633 substitutus.
682 567 692 655 4
706 573 773 633 Non
788 570 891 633 solum
906 579 1006 633 antem
1020 573 1192 638 heredibus
1203 593 1261 650 peg.
1276 589 1320 636 444

125 660 269 720 institutis
297 657 507 738 inpuberibus
534 657 642 719 liberis
669 659 711 718 ita
734 658 926 720 substituere
948 677 1132 742 possumus,
1158 669 1195 723 ut

125 746 148 805 si
172 751 244 805 ente
274 743 475 822 pubertatem
497 745 610 804 mortui
632 743 762 823 fuerint,
794 746 881 807 sitis
903 745 996 807 heres
1020 765 1115 826 quem
1136 766 1193 809 nos

123 829 325 908 uoluerimus,
349 829 406 891 sed
429 831 522 892 etiam
545 829 750 892 exheredatis.
788 832 894 910 itaque
918 849 954 892 eo
978 849 1053 892 casu
1075 833 1195 915 siquid

122 916 242 996 pupillo
265 935 306 978 ex
326 914 554 978 hereditatibus
577 914 729 996 legatisue
752 923 806 978 aut
828 916 1047 979 donationibus
1066 921 1218 999 propin-s

123 1021 255 1082 quorum
279 1001 471 1082 adquisitum
494 1001 598 1081 fuerit,
621 1001 654 1062 id
670 1019 759 1063 omne
775 1002 814 1063 ad
829 1001 1034 1064 substitutum
1048 1007 1192 1084 pertinet.

66 1090 113 1149 483
122 1089 346 1168 Quaecumque
373 1087 509 1149 diximus
536 1087 576 1149 de
606 1087 828 1150 substitutione
858 1089 1049 1168 inpuberum
1080 1089 1196 1154 libero-

122 1193 190 1236 rum
212 1175 268 1235 uel
290 1173 444 1235 heredum
466 1176 677 1235 institutorum
699 1173 754 1236 uel
777 1174 1054 1254 exheredatorum,
1083 1176 1194 1239 eedem

66 1261 112 1321 484
122 1262 212 1322 etiam
235 1260 277 1322 de
298 1261 452 1340 postumis
474 1259 703 1340 intellegemus.
741 1261 895 1322 Extraneo
918 1279 995 1322 uero
1018 1262 1128 1324 heredi
1147 1266 1195 1325 in-

122 1349 226 1408 stituto
255 1348 298 1406 ite
325 1345 518 1408 substituere
541 1365 603 1406 nou
625 1364 808 1425 possumus,
836 1354 871 1407 ut
894 1348 920 1408 si
942 1348 1035 1408 heres
1059 1351 1234 1411 extiteritto

121 1441 151 1495 et
171 1435 253 1494 intra
277 1431 405 1512 aliquod
427 1439 552 1511 tempus
576 1431 757 1511 decesserit,
782 1432 861 1494 alius
886 1435 915 1494 ei
936 1433 1029 1495 heres
1054 1436 1106 1512 sit3
1136 1435 1193 1498 sed

120 1519 176 1580 hoc
198 1517 301 1580 solum
316 1518 407 1580 nobie
422 1519 612 1597 permissum
628 1525 684 1598 est,
708 1526 743 1578 ut
759 1537 831 1580 eum
846 1537 903 1597 per
918 1518 1193 1583 fideicommissum

121 1605 308 1686 obligemus,
340 1613 374 1666 ut
399 1604 605 1665 hereditatem
633 1610 771 1666 nostram
794 1612 889 1665 totam
912 1604 965 1665 uel
989 1603 1082 1688 <pro>
1103 1616 1192 1687 parte

119 1693 281 1768 restituet3
305 1690 390 1770 quod
412 1692 462 1751 ius
485 1690 579 1770 quale
602 1692 649 1769 sit,
675 1709 732 1752 suo
755 1689 822 1752 loco
844 1689 1016 1752 trudemus.

65 1775 110 1836 484
204 1779 292 1839 Siout
321 1785 425 1837 autem
454 1775 548 1836 liberi
575 1775 731 1855 homines,
761 1779 801 1837 ita
830 1783 861 1837 et
884 1778 982 1855 serui,
1010 1785 1073 1838 tam
1095 1781 1257 1862 nostrils

64 1861 110 1922 484
120 1881 214 1943 quam
242 1862 349 1942 alieni,
379 1861 515 1923 heredes
544 1861 639 1923 scribi
668 1870 808 1942 possunt.
856 1861 920 1924 Sed
946 1869 1053 1924 noster
1078 1881 1192 1927 seruus

119 1948 211 2009 simul
234 1956 266 2009 et
287 1947 369 2009 liber
391 1948 534 2009 etheree
559 1965 628 2008 esse
650 1947 753 2010 iuberi
776 1947 880 2024 debet,
903 1947 936 2010 id
959 1956 1007 2010 444
1027 1949 1086 2011 hoc
1100 1950 1193 2014 modo

120 2053 236 2095 srronrs
259 2052 362 2094 servvs
384 2052 456 2095 urrs
479 2052 563 2094 rrnxr
586 2052 732 2106 urnssovr
753 2052 833 2112 rsro,
863 2034 917 2095 uel
939 2053 1029 2095 ursus
1052 2055 1192 2110 rmrnovr

62 2117 110 2178 487
121 2139 198 2182 rsro.
249 2139 321 2181 nam
356 2122 382 2180 si
409 2121 475 2181 sine
503 2119 648 2181 libertate
676 2120 769 2180 heres
796 2121 956 2182 institutus
984 2122 1037 2200 sit,
1073 2125 1192 2184 etiamsi

120 2215 227 2285 postea
250 2207 461 2268 manumissus
485 2205 620 2267 iberita
643 2205 776 2285 domino,
800 2205 892 2266 heres
917 2221 986 2268 esse
1001 2225 1063 2267 non
1078 2216 1190 2288 potest,
1202 2220 1232 2266 so

121 2295 191 2372 quia
219 2293 371 2378 institutio
398 2294 429 2352 in
442 2308 586 2371 ›persona
606 2293 676 2353 44444
698 2309 760 2352 uon
783 2292 931 2368 coustitit;
961 2291 1098 2372 ideoque
1119 2293 1193 2355 licet

123 2378 274 2440 alienatus
303 2380 355 2456 sit,
383 2396 446 2439 non
470 2385 574 2457 potest
602 2379 692 2439 iussu
714 2376 830 2439 domini
851 2379 926 2438 noui
948 2396 1077 2440 cernere
1100 2379 1191 2441 here-

62 2462 114 2523 488
123 2463 258 2526 ditatem.
309 2482 381 2524 cum
414 2463 560 2524 libertate
587 2482 663 2525 uero
691 2464 784 2525 heres
812 2458 822 2544 4
847 2464 1007 2524 institutus
1034 2463 1190 2544 siquidem
1200 2486 1259 2538 pag.
1273 2477 1322 2524 444

121 2551 151 2610 in
177 2549 284 2612 eadem
312 2567 407 2611 causa
435 2549 612 2627 dursucrit,
641 2550 675 2610 fit
697 2567 738 2610 ex
758 2555 943 2610 testamento
965 2547 1043 2610 liber
1065 2557 1096 2611 et
1117 2549 1190 2613 inde

120 2637 317 2698 necessarius
342 2636 445 2697 heres.
491 2637 517 2696 si
547 2653 623 2696 uero
654 2635 694 2697 ab
721 2637 788 2714 ipso
811 2641 957 2696 testatore
979 2637 1190 2698 manumissus
1200 2648 1232 2695 44

184 2911 262 2972 §⁴82
282 2909 459 2960 lere=lnst
472 2912 495 2973 8,
514 2911 555 2972 44,
575 2910 589 2957 4
612 2907 624 2971 44
647 2907 845 2970 4488ε4444.
862 2913 886 2972 8,
906 2911 946 2974 ts,
966 2911 980 2958 4
1004 2907 1015 2972 4
1039 2909 1115 2972 4484
1135 2908 1191 2960 lere

118 2981 231 3112 ffisgngt'.
243 2981 330 3111 m,
348 2983 362 3027 9
379 2976 391 3040 4
406 2989 454 3028 erec
471 2977 534 3041 loco]
552 2977 583 3038 §§
595 2979 644 3027 848
658 2990 732 3041 seqq,
751 2976 762 3040 ΙΙ
780 2977 796 3039 4
814 2980 862 3027 488
881 2977 946 3028 iude
964 2976 998 3028 ab
1017 2981 1048 3027 88
1067 2979 1142 3030 beree
1158 2999 1189 3022 ε

183 3307 194 3352 4
227 3305 319 3352 eutem
345 3303 419 3366 4444,
446 3303 494 3351 eut
517 3304 537 3352 c'
559 3301 570 3364 4
598 3304 613 3349 8
636 3313 781 3364 possumus
810 3301 951 3366 (44444444,
976 3303 1114 3368 possimus
1143 3299 1191 3368 cll

116 3374 146 3422 nt
171 3371 192 3424 0
213 3385 273 3422 4444
294 3370 463 3421 deterioribus
485 3383 519 3420 44
542 3369 732 3420 leucocoum
755 3371 894 3436 codicibus,
923 3374 954 3421 ut
984 3374 1012 3422 et
1034 3371 1096 3423 4444.
1119 3371 1190 3421 codd¹

114 3443 234 3491 meliores
261 3439 273 3503 4
305 3443 319 3488 8
343 3440 367 3488 is
388 3440 467 3489 heres
492 3437 522 3503 C,
547 3440 587 3488 eie
609 3439 688 3488 heres
710 3441 733 3488 is
756 3439 817 3488 4444.
845 3437 857 3503 4
887 3441 901 3489 4
924 3439 1096 3490 exheredatis
1118 3439 1189 3502 4444,

115 3509 308 3560 exhereditatis
334 3507 354 3558 G
375 3507 387 3571 4
411 3509 642 3572 eproinquorum
667 3505 697 3557 0¹
719 3508 730 3570 44
754 3511 768 3556 4
791 3519 872 3558 omne
894 3508 928 3558 ed
947 3509 1021 3573 luet,
1044 3508 1136 3558 omine
1153 3505 1189 3557 eb

31 3623 32 3630 ,
118 3578 137 3629 0
152 3579 164 3641 4
179 3579 299 3644 pertinet
318 3577 344 3640 0,
356 3577 491 3639 pertinent
508 3577 570 3626 44444.
585 3576 657 3626 codd.
676 3577 795 3626 meliores
810 3575 821 3638 4
838 3579 853 3624 ‘l
872 3575 1020 3627 liberorum
1034 3576 1106 3641 4444,
1124 3574 1190 3626 libe·

114 3660 176 3696 rum
191 3645 237 3711 04
254 3651 270 3696 8
290 3645 478 3709 intellegemus
497 3645 524 3710 0,
541 3644 723 3707 intellegimus
740 3645 801 3694 lust.
817 3644 830 3708 4
845 3658 911 3695 uero
931 3645 961 3709 0,
983 3657 1050 3696 uero
1070 3645 1116 3695 uel
1134 3642 1189 3693 fllio

114 3717 212 3781 puberi
237 3717 298 3766 lost.
321 3715 333 3776 4
357 3718 388 3764 44
407 3726 554 3779 possumus
574 3713 715 3777 (44444444,
738 3725 850 3775 possum
871 3712 891 3764 0
912 3713 924 3777 4
947 3713 1027 3764 heroe
1044 3713 1080 3762 sit
1100 3712 1131 3776 0,
1154 3714 1190 3762 sit

115 3785 194 3836 heres
218 3786 280 3835 1444.
304 3783 316 3846 4
340 3786 372 3831 48
395 3796 445 3848 per
466 3783 540 3846 lost,
567 3795 617 3847 pro
637 3780 657 3832 C
677 3781 689 3845 4
713 3784 743 3830 48
774 3784 895 3831 nostram
919 3795 954 3832 44
979 3784 1103 3833 nostrum
1129 3793 1188 3831 cor-

114 3859 214 3905 rectum
238 3852 269 3904 01
292 3853 303 3914 4
326 3853 412 3902 totam
434 3851 465 3915 C,
486 3851 531 3901 uel
553 3852 638 3901 totam
659 3851 721 3900 lost.
747 3849 870 3912 (sortasse
886 3852 992 3914 rectior)
1016 3850 1029 3916 Ι
1051 3863 1101 3915 pro
1118 3849 1179 3900 14444.

115 3936 163 3974 orn.
184 3922 205 3974 G
226 3921 239 3987 4
263 3925 296 3970 45
319 3923 347 3970 44
364 3934 399 3970 eu
416 3922 459 3971 eet
476 3924 620 3970 correctum
639 3918 671 3969 01
692 3919 704 3982 44
728 3922 759 3968 48
777 3932 840 3969 uero
860 3918 1001 3984 Goeschen,
1024 3917 1164 3970 estestoc

115 3995 143 4041 84
165 4003 284 4055 persons
309 3991 368 4040 eius
388 3989 529 4052 Goerchen,
550 4001 683 4053 personne
702 3987 732 4051 0,
755 3987 821 4050 44444,
841 3986 873 4038 0⁵
890 4001 952 4052 4444.
970 3991 1021 4040 8444
1042 3999 1111 4038 uere.
1128 3987 1163 4037 44
1179 3985 1190 4054 4

115 4062 237 4110 constitit
257 4059 394 4122 Gocecben,
413 4059 513 4108 constit
533 4057 553 4108 0
575 4057 587 4122 4
610 4059 642 4105 84
660 4055 757 4106 eedem
776 4057 850 4120 44444,
873 4069 904 4106 ee
925 4056 945 4108 0
966 4057 978 4121 4
1002 4057 1144 4108 4444444444
1162 4053 1188 4120 G,

114 4130 245 4180 manserit
262 4128 325 4178 44444.
348 4128 360 4190 4
383 4129 484 4177 84-84
506 4127 534 4176 44
553 4126 618 4176 inde
640 4127 811 4176 necessarius
833 4125 1121 4190 haereseosque
1143 4137 1189 4175 ne·

113 4200 250 4250 cesserius
269 4197 331 4247 14444.
354 4195 367 4260 Ι
390 4199 423 4246 84
441 4195 476 4245 ab
495 4197 554 4260 ipso
574 4194 601 4258 C,
619 4207 635 4244 a
652 4195 718 4245 uiuo
736 4195 798 4245 lost.

952 4295 984 4348 3*
