3190 4868
308 387 550 448 ¹ruens-un
711 417 797 426 --
842 381 903 443 146
946 417 1018 425 --

332 577 485 656 praetoris
507 573 699 650 introducta3
722 573 776 634 lex
798 579 904 634 autem
927 574 1111 634 eonomine
1133 573 1255 635 nullam
1277 593 1415 655 poenum

333 663 500 723 constituit.
530 661 590 722 hoc
605 660 708 721 solum
724 659 886 740 praecipit,
909 664 945 719 ut
960 660 1015 740 qui
1031 676 1186 739 quaerere
1200 659 1287 739 uelit,
1304 659 1415 722 nudus

333 754 477 829 quaerat,
501 747 572 808 licio
596 749 725 826 cinctus,
749 746 872 806 lancem
894 746 1029 821 habens3
1054 746 1109 826 qui
1132 747 1158 807 si
1181 745 1259 826 quid
1281 748 1415 808 inuene-

262 835 380 914 l93rit,
408 832 498 894 iubet
519 832 552 893 id
574 833 628 894 lex
649 833 769 894 furtum
791 831 993 892 manifestum
1016 849 1093 892 esse.
1139 831 1223 903 Quid
1246 833 1285 894 sit
1306 841 1415 895 autem

331 920 449 994 licium,
479 922 657 1000 quaesitum
680 926 737 981 est.
783 917 841 979 sed
862 919 972 979 uerius
996 924 1039 978 esi
1061 919 1184 978 consuti
1207 937 1307 999 genus
1331 933 1440 997 esses

332 1023 394 1086 quo
427 1009 623 1067 necessariae
656 1012 762 1085 partes
795 1011 988 1084 tegerentur.
1044 1021 1126 1084 quae
1159 1021 1211 1065 res
1247 1003 1310 1085 [lex
1337 1001 1415 1088 tota]

331 1091 463 1152 ridicule
492 1099 548 1153 est.
594 1110 666 1153 nem
697 1093 751 1172 qui
777 1091 928 1151 uestitum
956 1107 1110 1170 quaerere
1140 1089 1300 1170 prohibet,
1331 1092 1357 1152 is
1382 1099 1415 1151 et

330 1177 452 1239 nudum
475 1196 629 1259 quaerere
651 1176 870 1257 prohibiturus
893 1183 950 1256 est,
974 1195 1011 1237 eo
1034 1177 1133 1256 magis
1157 1176 1243 1257 quod
1257 1177 1301 1236 ita
1314 1194 1414 1256 quae-

331 1265 389 1324 sita
411 1283 443 1324 rc
463 1261 523 1345 <et>
544 1267 671 1326 inuenta
687 1264 797 1324 maiori
811 1281 932 1342 poenae
956 1263 1138 1323 subiciatur.
1185 1262 1301 1324 deinde
1324 1262 1414 1343 quod

329 1349 451 1412 lancem
474 1352 542 1411 siue
565 1350 636 1412 ideo
659 1350 771 1411 haberi
793 1347 910 1427 iubeat,
933 1356 970 1410 ut
991 1347 1137 1408 manibus
1154 1350 1314 1428 occupetis
1333 1348 1454 1408 nihilto

330 1435 473 1516 subiciat,
497 1438 565 1498 siue
588 1437 670 1516 ideo,
693 1443 729 1496 ut
752 1435 838 1516 quod
860 1436 1017 1496 inuenerit
1037 1434 1082 1495 ibi
1101 1436 1238 1515 inponat,
1261 1441 1411 1496 neutrum

330 1541 439 1582 eorum
465 1521 621 1603 procedit,
650 1524 676 1583 si
703 1521 734 1583 id
762 1521 849 1603 quod
878 1527 1057 1602 quaeratur,
1086 1523 1154 1581 eius
1186 1520 1410 1601 magnitudinis

329 1615 383 1668 aut
405 1615 536 1670 naturae
560 1610 614 1688 sit,
642 1616 678 1669 ut
703 1605 808 1689 neque
838 1606 939 1669 subici
966 1625 1071 1688 neque
1099 1605 1146 1668 ibi
1170 1607 1277 1686 inponi
1299 1608 1410 1686 possit.

329 1701 413 1756 certe
441 1713 504 1755 non
532 1695 709 1774 dubitatur,
740 1697 968 1775 cuiuscumque
1002 1694 1151 1754 materiae
1185 1695 1225 1754 sit
1258 1711 1295 1754 ea
1324 1691 1410 1773 lanx,

259 1781 403 1842 idlsatis
426 1779 490 1862 legi
512 1781 590 1842 fieri.
636 1782 765 1860 Propter
787 1781 846 1842 hoc
867 1788 981 1860 tamen,
1008 1778 1094 1860 quod
1115 1779 1169 1840 lex
1192 1798 1232 1840 ex
1255 1797 1292 1840 ee
1314 1793 1454 1840 causato

328 1866 529 1928 manifestum
551 1868 671 1928 furtum
701 1885 770 1928 esse
797 1867 902 1945 iubet,
935 1873 1009 1928 sunt
1036 1867 1091 1946 qui
1119 1865 1262 1926 scribunt
1288 1865 1410 1926 furtum

328 1953 528 2014 manifestum
551 1961 605 2014 aut
626 1953 698 2035 lege
721 1951 885 2034 <intelie9i>
908 1960 962 2013 aut
989 1958 1117 2013 nature:
1144 1951 1216 2032 lege
1244 1949 1278 2012 id
1304 1953 1410 2031 ipsum

328 2037 368 2099 de
396 2057 458 2120 quo
484 2038 658 2121 loquimur,
688 2049 801 2100 natura
827 2037 908 2100 illud
936 2037 976 2100 de
1004 2056 1066 2119 quo
1090 2039 1237 2117 superius
1261 2039 1410 2117 exposui-

327 2143 408 2186 mus.
454 2125 512 2187 sed
540 2127 650 2188 uerius
680 2133 729 2188 est
755 2133 868 2186 natura
900 2132 1021 2185 tantum
1054 2123 1255 2185 manifestum
1288 2123 1409 2184 furtum

327 2211 476 2293 intellegi.
518 2232 623 2294 neque
647 2214 730 2273 enim
752 2211 806 2273 lex
828 2211 930 2272 facere
952 2217 1063 2291 potest,
1088 2217 1124 2271 ut
1146 2211 1201 2291 qui
1223 2210 1408 2272 manifestus
1419 2222 1451 2268 eo
1485 2229 1505 2262 υ

326 2297 378 2358 fur
400 2317 464 2358 non
487 2301 538 2379 sii,
568 2298 753 2360 manifestus
777 2299 832 2378 sii,
859 2316 923 2358 non
950 2298 1048 2378 magis
1076 2314 1171 2376 quam
1199 2297 1253 2375 qui
1283 2297 1407 2357 omnino

327 2383 379 2444 fur
400 2403 462 2446 non
486 2387 535 2464 sit,
558 2385 610 2446 fur
633 2387 685 2464 sit,
714 2392 745 2446 et
771 2385 826 2464 qui
853 2382 978 2444 adulter
1006 2389 1059 2442 aut
1083 2381 1239 2443 homicida
1264 2400 1327 2442 non
1358 2384 1407 2462 sit,

327 2469 452 2532 adulter
473 2471 528 2533 uel
543 2469 556 2553 ΙΙ
571 2470 727 2532 homicida
749 2472 797 2531 sit.
843 2477 874 2530 at
895 2469 976 2530 illud
999 2487 1074 2529 sane
1096 2468 1273 2529 lexfacere
1293 2475 1558 2549 potest,pag.t'19

326 2563 362 2616 ut
382 2557 515 2636 proinde
539 2558 653 2638 aliquis
676 2575 779 2636 poena
800 2562 956 2635 teneatur,
980 2561 1072 2635 atque
1095 2555 1121 2616 si
1140 2553 1260 2615 furtum
1280 2553 1335 2614 uel
1351 2553 1408 2615 ad·

326 2641 552 2791 plltplqisqprituel
574 2643 777 2704 homicidium
804 2641 997 2719 admisisset,
1028 2641 1174 2721 quamuis
1196 2638 1275 2701 nihil
1297 2651 1451 2701 eorumne

326 2913 382 2928 κΛΛΛ
386 2917 524 2929 ΑΛΛΑΛΛΛΛΛ
528 2915 1011 2929 ΛΛΛΛΛΛΛΛΛΛΛΛΛΛΛΛΛΛΛΛΛΛΛΛΛΛΛΛΛΛΙ

395 3037 405 3082 t
440 3033 596 3084 introducta
628 3034 770 3099 Gocrchen,
801 3034 977 3084 inutroducta
1010 3033 1030 3084 G
1063 3030 1074 3099 ΙΙ
1108 3034 1233 3099 poenam]
1269 3034 1336 3096 conf.
1375 3034 1408 3084 0⁸

322 3114 385 3166 pop.
403 3103 452 3156 27⁹
481 3103 528 3165 inf.
557 3100 568 3168 Ι]
597 3106 611 3151 2
638 3105 773 3168 praecipit
795 3104 958 3166 Lachmann,
990 3103 1131 3168 praecepit
1157 3101 1176 3153 G
1204 3100 1214 3168 ΙΙ
1245 3106 1258 3151 3
1288 3104 1353 3153 licio
1376 3101 1407 3154 Α.

324 3185 377 3222 uon
405 3173 451 3220 der
481 3172 590 3234 Hoeven,
622 3171 706 3222 linteo
737 3186 771 3222 cu
805 3171 903 3222 linteos
933 3178 1077 3222 correctum
1108 3170 1128 3222 C
1160 3168 1171 3236 ΙΙ
1204 3173 1218 3220 i
1250 3185 1309 3222 esse
1342 3171 1407 3222 Goe-

324 3241 409 3304 schcn,
447 3243 519 3290 esset
550 3239 570 3290 G
604 3238 613 3308 ΙΙ
649 3245 664 3290 5
695 3241 790 3290 licium
819 3255 871 3290 non
901 3243 948 3291 der
976 3242 1090 3304 Hoeven,
1120 3240 1235 3291 linteum
1266 3239 1287 3290 G
1320 3237 1330 3305 ΙΙ
1365 3245 1407 3290 set

323 3310 417 3360 uerius
440 3311 482 3358 est
506 3309 646 3373 Gooschcn,
674 3313 715 3360 set
741 3310 913 3360 ueriusseam
944 3311 988 3372 (itu
1010 3315 1040 3360 ut
1067 3313 1145 3359 tertie
1167 3321 1180 3358 s
1202 3311 1289 3360 littero
1312 3311 1407 3359 lineola

323 3380 429 3429 inducto
462 3379 504 3439 sit]
541 3377 571 3442 03
607 3381 658 3428 nisi
692 3384 751 3437 onte
786 3379 833 3428 sed
867 3379 960 3428 uerius
996 3381 1038 3429 est
1068 3379 1181 3428 aliorum
1209 3380 1405 3428 iurisconsulto-

323 3461 383 3496 rum
422 3450 549 3498 sententio
588 3449 739 3510 discrepans
777 3449 921 3509 intercidit,
958 3450 1043 3508 possis
1090 3461 1110 3497 e.
1146 3461 1171 3511 9.
1208 3448 1271 3498 totid
1307 3460 1406 3508 quoquo

323 3521 458 3578 temptare:
499 3517 550 3566 sed
589 3515 700 3566 Verrius
738 3518 777 3566 ait
809 3518 820 3580 ΙΙ
855 3521 869 3565 6
905 3529 975 3580 quae
1014 3529 1059 3567 res
1094 3515 1138 3566 len
1173 3517 1229 3566 tote
1267 3514 1298 3580 0,
1335 3529 1406 3579 qnae

324 3597 366 3634 res
397 3587 538 3650 Poicncor3
574 3599 658 3649 quare
688 3587 732 3636 lex
761 3587 819 3636 tota
850 3585 979 3634 Gocschen
1012 3581 1023 3649 ΙΙ
1059 3590 1072 3636 8
1104 3583 1231 3649 prohibet
1263 3584 1403 3645 Heroden,

323 3655 446 3717 perhibet
483 3655 517 3706 0¹¹
557 3650 566 3722 Η
607 3659 621 3704 8
656 3655 843 3719 prohibiturus
879 3653 993 3716 Sander,
1024 3654 1177 3718 prohibitus
1215 3653 1234 3703 G
1271 3649 1282 3718 ΙΙ
1322 3657 1336 3702 9
1376 3665 1405 3702 re

322 3736 374 3772 oon
409 3725 456 3774 der
490 3725 599 3788 Hoeven,
635 3738 680 3775 res
713 3723 732 3774 (i
767 3721 777 3789 ll
812 3727 839 3774 et
873 3723 972 3772 addidit
1003 3723 1120 3774 Huschke
1154 3719 1164 3788 ΙΙ
1200 3726 1230 3771 to
1262 3723 1405 3786 occupatis

327 3793 481 3858 innuerem,
513 3795 671 3857 occupantis
703 3791 723 3842 C
750 3789 761 3858 ΙΙ
790 3796 817 3841 tt
852 3792 989 3842 inuenerit
1021 3792 1161 3855 Goeschcn,
1192 3791 1315 3840 inueneri
1348 3789 1368 3840 G
1397 3787 1407 3856 ΙΙ

324 3862 354 3907 ts
390 3862 464 3924 quod
499 3864 646 3926 quaeratur
683 3862 824 3925 Gocschen,
865 3859 1015 3924 quadratur
1053 3861 1087 3911 ΟΠ
1121 3857 1132 3926 ΙΙ
1166 3863 1198 3907 ts
1235 3859 1275 3909 ihi
1310 3859 1405 3923 inponi

326 3927 461 3996 Goeschen,
492 3931 616 3995 ibinponi
649 3930 668 3981 C
701 3928 712 3996 ΙΙ
746 3934 778 3979 t'i
809 3929 928 3992 intellegi
958 3931 1004 3978 hoc
1034 3931 1087 3979 loco
1117 3930 1216 3979 addidit
1245 3928 1363 3978 Huschke
1394 3927 1404 3989 ll

323 3996 433 4047 atterum
461 3999 520 4063 lege
549 4014 583 4050 ecc
612 4001 669 4052 lese
697 4004 842 4049 correctum
873 3997 893 4048 0
920 3995 930 4064 ΙΙ
960 4001 986 4046 at
1022 4012 1078 4049 non
1107 3999 1143 4048 sit
1175 3997 1317 4058 Gocschen,
1349 4009 1404 4046 non

324 4064 386 4114 siti
413 4063 423 4134 ΙΙ
452 4071 483 4116 22
515 4069 623 4119 adulter
651 4071 699 4118 aut
732 4067 869 4130 Gocschen‚
900 4067 1022 4117 adultera
1048 4066 1067 4118 G
1095 4062 1105 4135 ΙΙ
1134 4069 1165 4115 at
1192 4067 1315 4116 teneatur
1337 4065 1404 4116 Goe-

323 4133 410 4198 schen,
434 4138 523 4185 teneat
548 4137 567 4186 t'
594 4135 605 4203 ΙΙ
633 4140 714 4201 atque
742 4136 883 4197 Goeschou,
909 4139 992 4200 atque
1017 4135 1036 4186 C
1064 4131 1074 4203 11
1104 4139 1135 4186 25
1159 4135 1316 4186 admisisset
1337 4134 1403 4186 Goo-

322 4201 407 4264 schen,
426 4203 557 4254 admisset
577 4204 605 4255 C.
