<?xml version="1.0" encoding="UTF-8"?>
<!DOCTYPE html PUBLIC "-//W3C//DTD XHTML 1.0 Transitional//EN"
    "http://www.w3.org/TR/xhtml1/DTD/xhtml1-transitional.dtd">
<html xmlns="http://www.w3.org/1999/xhtml" xml:lang="en" lang="en">
 <head>
  <title>
</title>
<meta http-equiv="Content-Type" content="text/html;charset=utf-8" />
  <meta name='ocr-system' content='tesseract 3.04.00' />
  <meta name='ocr-capabilities' content='ocr_page ocr_carea ocr_par ocr_line ocrx_word'/>
</head>
<body>
  <div class='ocr_page' id='page_1' title='image "./gaiinstitutione00verogoog_0205.png"; bbox 0 0 3190 4868; ppageno 0'>
   <div class='ocr_carea' id='block_1_1' title="bbox 555 352 1252 414">
    <p class='ocr_par' dir='ltr' id='par_1_1' title="bbox 555 352 1252 414">
     <span class='ocr_line' id='line_1_1' title="bbox 555 352 1252 414; baseline 0.01 -20"><span class='ocrx_word' id='word_1_1' title='bbox 555 385 641 394; x_wconf 80' lang='grc'><strong>-</strong></span> <span class='ocrx_word' id='word_1_2' title='bbox 687 352 873 414; x_wconf 67' lang='lat'>131.-.</span> <span class='ocrx_word' id='word_1_3' title='bbox 1049 353 1252 414; x_wconf 68' lang='lat' dir='ltr'>iusim-leo</span> 
     </span>
    </p>
   </div>
   <div class='ocr_carea' id='block_1_2' title="bbox 104 536 1378 2426">
    <p class='ocr_par' dir='ltr' id='par_1_2' title="bbox 104 536 1378 2426">
     <span class='ocr_line' id='line_1_2' title="bbox 179 536 1253 621; baseline 0.004 -23"><span class='ocrx_word' id='word_1_4' title='bbox 179 545 225 614; x_wconf 86' lang='grc'>444</span> <span class='ocrx_word' id='word_1_5' title='bbox 247 555 310 597; x_wconf 90' lang='lat' dir='ltr'>eam</span> <span class='ocrx_word' id='word_1_6' title='bbox 334 536 473 599; x_wconf 91' lang='lat' dir='ltr'>debitum</span> <span class='ocrx_word' id='word_1_7' title='bbox 496 539 543 618; x_wconf 80' lang='lat' dir='ltr'>iri,</span> <span class='ocrx_word' id='word_1_8' title='bbox 566 537 639 600; x_wconf 91' lang='lat' dir='ltr'>licet</span> <span class='ocrx_word' id='word_1_9' title='bbox 659 547 731 620; x_wconf 93' lang='lat' dir='ltr'>post</span> <span class='ocrx_word' id='word_1_10' title='bbox 744 548 869 621; x_wconf 90' lang='lat' dir='ltr'>tempus</span> <span class='ocrx_word' id='word_1_11' title='bbox 884 546 1017 619; x_wconf 91' lang='lat' dir='ltr'>petatur.</span> <span class='ocrx_word' id='word_1_12' title='bbox 1047 539 1253 620; x_wconf 82' lang='lat' dir='ltr'>appellatione</span> 
     </span>
     <span class='ocr_line' id='line_1_3' title="bbox 177 625 1252 708; baseline 0.006 -26"><span class='ocrx_word' id='word_1_13' title='bbox 177 630 282 684; x_wconf 86' lang='lat' dir='ltr'>autem</span> <span class='ocrx_word' id='word_1_14' title='bbox 304 625 457 702; x_wconf 92' lang='lat' dir='ltr'>pecuniae</span> <span class='ocrx_word' id='word_1_15' title='bbox 481 643 588 685; x_wconf 91' lang='lat' dir='ltr'>omnes</span> <span class='ocrx_word' id='word_1_16' title='bbox 610 643 662 686; x_wconf 92' lang='lat' dir='ltr'>res</span> <span class='ocrx_word' id='word_1_17' title='bbox 685 628 716 686; x_wconf 93' lang='lat' dir='ltr'>in</span> <span class='ocrx_word' id='word_1_18' title='bbox 740 645 777 687; x_wconf 90' lang='lat' dir='ltr'>ea</span> <span class='ocrx_word' id='word_1_19' title='bbox 798 627 868 707; x_wconf 88' lang='lat' dir='ltr'>lege</span> <span class='ocrx_word' id='word_1_20' title='bbox 892 627 1113 707; x_wconf 87' lang='lat' dir='ltr'>significantur.</span> <span class='ocrx_word' id='word_1_21' title='bbox 1147 629 1252 708; x_wconf 89' lang='lat' dir='ltr'>itaque</span> 
     </span>
     <span class='ocr_line' id='line_1_4' title="bbox 177 709 1378 792; baseline 0.004 -22"><span class='ocrx_word' id='word_1_22' title='bbox 177 711 204 770; x_wconf 93' lang='lat' dir='ltr'>si</span> <span class='ocrx_word' id='word_1_23' title='bbox 231 711 341 770; x_wconf 92' lang='lat' dir='ltr'>uinum</span> <span class='ocrx_word' id='word_1_24' title='bbox 367 709 421 770; x_wconf 92' lang='lat' dir='ltr'>uel</span> <span class='ocrx_word' id='word_1_25' title='bbox 449 709 641 772; x_wconf 87' lang='lat' dir='ltr'>frumentum</span> <span class='ocrx_word' id='word_1_26' title='bbox 674 719 729 772; x_wconf 87' lang='lat' dir='ltr'>out</span> <span class='ocrx_word' id='word_1_27' title='bbox 758 715 783 773; x_wconf 94' lang='lat' dir='ltr'>si</span> <span class='ocrx_word' id='word_1_28' title='bbox 813 711 947 774; x_wconf 88' lang='lat' dir='ltr'>fundum</span> <span class='ocrx_word' id='word_1_29' title='bbox 974 709 986 792; x_wconf 91' lang='grc'>44</span> <span class='ocrx_word' id='word_1_30' title='bbox 1012 712 1066 773; x_wconf 91' lang='lat' dir='ltr'>uel</span> <span class='ocrx_word' id='word_1_31' title='bbox 1095 713 1378 780; x_wconf 61' lang='lat' dir='ltr'>neminemnam</span> 
     </span>
     <span class='ocr_line' id='line_1_5' title="bbox 104 795 1253 879; baseline 0.003 -23"><span class='ocrx_word' id='word_1_32' title='bbox 104 795 374 876; x_wconf 77' lang='lat' dir='ltr'>l25stipulemur,</span> <span class='ocrx_word' id='word_1_33' title='bbox 398 796 475 856; x_wconf 91' lang='lat' dir='ltr'>haec</span> <span class='ocrx_word' id='word_1_34' title='bbox 496 796 550 857; x_wconf 86' lang='lat' dir='ltr'>lex</span> <span class='ocrx_word' id='word_1_35' title='bbox 573 797 772 859; x_wconf 89' lang='lat' dir='ltr'>obseruanda</span> <span class='ocrx_word' id='word_1_36' title='bbox 788 807 843 860; x_wconf 89' lang='lat' dir='ltr'>est.</span> <span class='ocrx_word' id='word_1_37' title='bbox 881 799 929 858; x_wconf 86' lang='lat' dir='ltr'>Ex</span> <span class='ocrx_word' id='word_1_38' title='bbox 944 797 1134 879; x_wconf 88' lang='lat' dir='ltr'>quibusdam</span> <span class='ocrx_word' id='word_1_39' title='bbox 1149 807 1253 860; x_wconf 90' lang='lat' dir='ltr'>tamen</span> 
     </span>
     <span class='ocr_line' id='line_1_6' title="bbox 175 883 1276 964; baseline 0.004 -23"><span class='ocrx_word' id='word_1_40' title='bbox 175 884 278 942; x_wconf 89' lang='lat' dir='ltr'>causis</span> <span class='ocrx_word' id='word_1_41' title='bbox 306 884 456 960; x_wconf 91' lang='lat' dir='ltr'>permittit</span> <span class='ocrx_word' id='word_1_42' title='bbox 485 901 521 942; x_wconf 91' lang='lat' dir='ltr'>ea</span> <span class='ocrx_word' id='word_1_43' title='bbox 547 883 600 944; x_wconf 87' lang='lat' dir='ltr'>lex</span> <span class='ocrx_word' id='word_1_44' title='bbox 626 885 657 944; x_wconf 91' lang='lat' dir='ltr'>in</span> <span class='ocrx_word' id='word_1_45' title='bbox 684 885 838 946; x_wconf 89' lang='lat' dir='ltr'>inlinitum</span> <span class='ocrx_word' id='word_1_46' title='bbox 868 887 942 945; x_wconf 90' lang='lat' dir='ltr'>satis</span> <span class='ocrx_word' id='word_1_47' title='bbox 970 887 1124 964; x_wconf 89' lang='lat' dir='ltr'>accipere,</span> <span class='ocrx_word' id='word_1_48' title='bbox 1153 885 1276 946; x_wconf 81' lang='lat' dir='ltr'>uelutie</span> 
     </span>
     <span class='ocr_line' id='line_1_7' title="bbox 175 967 1251 1050; baseline 0.002 -21"><span class='ocrx_word' id='word_1_49' title='bbox 175 970 201 1029; x_wconf 87' lang='lat' dir='ltr'>si</span> <span class='ocrx_word' id='word_1_50' title='bbox 225 968 306 1029; x_wconf 93' lang='lat' dir='ltr'>dotis</span> <span class='ocrx_word' id='word_1_51' title='bbox 328 969 462 1046; x_wconf 88' lang='lat' dir='ltr'>nomine,</span> <span class='ocrx_word' id='word_1_52' title='bbox 487 967 540 1029; x_wconf 90' lang='lat' dir='ltr'>uel</span> <span class='ocrx_word' id='word_1_53' title='bbox 564 971 631 1031; x_wconf 88' lang='lat' dir='ltr'>eius</span> <span class='ocrx_word' id='word_1_54' title='bbox 654 970 739 1050; x_wconf 93' lang='lat' dir='ltr'>quod</span> <span class='ocrx_word' id='word_1_55' title='bbox 763 989 802 1031; x_wconf 88' lang='lat' dir='ltr'>ex</span> <span class='ocrx_word' id='word_1_56' title='bbox 817 977 1000 1031; x_wconf 89' lang='lat' dir='ltr'>testamento</span> <span class='ocrx_word' id='word_1_57' title='bbox 1015 971 1072 1031; x_wconf 92' lang='lat' dir='ltr'>tibi</span> <span class='ocrx_word' id='word_1_58' title='bbox 1088 970 1251 1049; x_wconf 80' lang='lat' dir='ltr'>debeatur,</span> 
     </span>
     <span class='ocr_line' id='line_1_8' title="bbox 175 1053 1251 1138; baseline 0.004 -26"><span class='ocrx_word' id='word_1_59' title='bbox 175 1065 229 1114; x_wconf 87' lang='lat' dir='ltr'>aut</span> <span class='ocrx_word' id='word_1_60' title='bbox 250 1056 341 1114; x_wconf 90' lang='lat' dir='ltr'>iussu</span> <span class='ocrx_word' id='word_1_61' title='bbox 363 1053 475 1115; x_wconf 88' lang='lat' dir='ltr'>iudicis</span> <span class='ocrx_word' id='word_1_62' title='bbox 499 1057 572 1116; x_wconf 87' lang='lat' dir='ltr'>satis</span> <span class='ocrx_word' id='word_1_63' title='bbox 596 1058 773 1134; x_wconf 82' lang='lat' dir='ltr'>accipiatur.</span> <span class='ocrx_word' id='word_1_64' title='bbox 812 1065 843 1117; x_wconf 91' lang='lat' dir='ltr'>et</span> <span class='ocrx_word' id='word_1_65' title='bbox 865 1055 969 1117; x_wconf 92' lang='lat' dir='ltr'>adhuc</span> <span class='ocrx_word' id='word_1_66' title='bbox 990 1056 1060 1137; x_wconf 86' lang='lat' dir='ltr'>lege</span> <span class='ocrx_word' id='word_1_67' title='bbox 1083 1055 1183 1136; x_wconf 81' lang='lat' dir='ltr'>&lt;Iulio</span> <span class='ocrx_word' id='word_1_68' title='bbox 1201 1053 1251 1138; x_wconf 84' lang='lat' dir='ltr'>de&gt;</span> 
     </span>
     <span class='ocr_line' id='line_1_9' title="bbox 174 1139 1253 1223; baseline 0.003 -22"><span class='ocrx_word' id='word_1_69' title='bbox 174 1142 324 1201; x_wconf 90' lang='lat' dir='ltr'>uicesima</span> <span class='ocrx_word' id='word_1_70' title='bbox 347 1139 566 1200; x_wconf 90' lang='lat' dir='ltr'>hereditatium</span> <span class='ocrx_word' id='word_1_71' title='bbox 582 1150 721 1221; x_wconf 90' lang='lat' dir='ltr'>cauetur,</span> <span class='ocrx_word' id='word_1_72' title='bbox 744 1149 780 1202; x_wconf 91' lang='grc'>444</span> <span class='ocrx_word' id='word_1_73' title='bbox 795 1142 835 1202; x_wconf 91' lang='lat' dir='ltr'>ad</span> <span class='ocrx_word' id='word_1_74' title='bbox 852 1161 904 1204; x_wconf 89' lang='lat' dir='ltr'>eas</span> <span class='ocrx_word' id='word_1_75' title='bbox 921 1140 1146 1223; x_wconf 87' lang='lat' dir='ltr'>satisdationes,</span> <span class='ocrx_word' id='word_1_76' title='bbox 1171 1161 1253 1223; x_wconf 88' lang='lat' dir='ltr'>quae</span> 
     </span>
     <span class='ocr_line' id='line_1_10' title="bbox 106 1225 1252 1308; baseline 0.003 -22"><span class='ocrx_word' id='word_1_77' title='bbox 106 1228 214 1290; x_wconf 76' lang='grc'>426444</span> <span class='ocrx_word' id='word_1_78' title='bbox 244 1244 281 1287; x_wconf 91' lang='lat' dir='ltr'>ea</span> <span class='ocrx_word' id='word_1_79' title='bbox 308 1225 380 1306; x_wconf 91' lang='lat' dir='ltr'>lege</span> <span class='ocrx_word' id='word_1_80' title='bbox 409 1235 641 1308; x_wconf 89' lang='lat' dir='ltr'>proponuntur,</span> <span class='ocrx_word' id='word_1_81' title='bbox 669 1227 721 1289; x_wconf 84' lang='lat' dir='ltr'>lex</span> <span class='ocrx_word' id='word_1_82' title='bbox 751 1227 894 1292; x_wconf 83' lang='lat' dir='ltr'>Cornelia</span> <span class='ocrx_word' id='word_1_83' title='bbox 919 1247 981 1288; x_wconf 91' lang='lat' dir='ltr'>non</span> <span class='ocrx_word' id='word_1_84' title='bbox 1008 1231 1171 1307; x_wconf 83' lang='lat' dir='ltr'>pertineat.</span> <span class='ocrx_word' id='word_1_85' title='bbox 1217 1231 1252 1289; x_wconf 91' lang='lat' dir='ltr'>ln</span> 
     </span>
     <span class='ocr_line' id='line_1_11' title="bbox 174 1313 1292 1393; baseline -0.002 -20"><span class='ocrx_word' id='word_1_86' title='bbox 174 1331 211 1373; x_wconf 89' lang='lat' dir='ltr'>eo</span> <span class='ocrx_word' id='word_1_87' title='bbox 234 1330 360 1392; x_wconf 83' lang='lat' dir='ltr'>quoque</span> <span class='ocrx_word' id='word_1_88' title='bbox 382 1313 450 1374; x_wconf 91' lang='lat' dir='ltr'>iure</span> <span class='ocrx_word' id='word_1_89' title='bbox 473 1331 530 1392; x_wconf 93' lang='lat' dir='ltr'>par</span> <span class='ocrx_word' id='word_1_90' title='bbox 552 1313 691 1374; x_wconf 91' lang='lat' dir='ltr'>condicio</span> <span class='ocrx_word' id='word_1_91' title='bbox 715 1322 763 1376; x_wconf 91' lang='lat' dir='ltr'>est</span> <span class='ocrx_word' id='word_1_92' title='bbox 785 1316 935 1392; x_wconf 90' lang='lat' dir='ltr'>omnium,</span> <span class='ocrx_word' id='word_1_93' title='bbox 960 1332 1145 1393; x_wconf 87' lang='lat' dir='ltr'>sponsorum</span> <span class='ocrx_word' id='word_1_94' title='bbox 1173 1314 1292 1377; x_wconf 82' lang='lat' dir='ltr'>fide-lo</span> 
     </span>
     <span class='ocr_line' id='line_1_12' title="bbox 173 1399 1250 1480; baseline 0.005 -23"><span class='ocrx_word' id='word_1_95' title='bbox 173 1399 401 1477; x_wconf 89' lang='lat' dir='ltr'>promissorum</span> <span class='ocrx_word' id='word_1_96' title='bbox 429 1399 661 1478; x_wconf 89' lang='lat' dir='ltr'>fideiussorum,</span> <span class='ocrx_word' id='word_1_97' title='bbox 690 1401 776 1480; x_wconf 88' lang='lat' dir='ltr'>quod</span> <span class='ocrx_word' id='word_1_98' title='bbox 804 1403 845 1460; x_wconf 94' lang='lat' dir='ltr'>ita</span> <span class='ocrx_word' id='word_1_99' title='bbox 874 1400 1006 1480; x_wconf 83' lang='lat' dir='ltr'>obligari</span> <span class='ocrx_word' id='word_1_100' title='bbox 1027 1419 1090 1460; x_wconf 89' lang='lat' dir='ltr'>non</span> <span class='ocrx_word' id='word_1_101' title='bbox 1111 1409 1250 1480; x_wconf 83' lang='lat' dir='ltr'>possunt,</span> 
     </span>
     <span class='ocr_line' id='line_1_13' title="bbox 173 1483 1252 1568; baseline 0.002 -24"><span class='ocrx_word' id='word_1_102' title='bbox 173 1483 303 1562; x_wconf 87' lang='lat' dir='ltr'>utplus</span> <span class='ocrx_word' id='word_1_103' title='bbox 327 1483 472 1563; x_wconf 89' lang='lat' dir='ltr'>debeant,</span> <span class='ocrx_word' id='word_1_104' title='bbox 497 1504 591 1565; x_wconf 90' lang='lat' dir='ltr'>quam</span> <span class='ocrx_word' id='word_1_105' title='bbox 615 1485 708 1546; x_wconf 91' lang='lat' dir='ltr'>debet</span> <span class='ocrx_word' id='word_1_106' title='bbox 730 1489 755 1546; x_wconf 93' lang='lat' dir='ltr'>is</span> <span class='ocrx_word' id='word_1_107' title='bbox 778 1505 835 1565; x_wconf 91' lang='lat' dir='ltr'>pro</span> <span class='ocrx_word' id='word_1_108' title='bbox 859 1506 921 1567; x_wconf 91' lang='lat' dir='ltr'>quo</span> <span class='ocrx_word' id='word_1_109' title='bbox 945 1486 1131 1568; x_wconf 80' lang='lat' dir='ltr'>obligantur.</span> <span class='ocrx_word' id='word_1_110' title='bbox 1167 1494 1197 1546; x_wconf 91' lang='lat' dir='ltr'>at</span> <span class='ocrx_word' id='word_1_111' title='bbox 1212 1506 1252 1547; x_wconf 83' lang='lat' dir='ltr'>ex</span> 
     </span>
     <span class='ocr_line' id='line_1_14' title="bbox 174 1569 1251 1652; baseline 0.004 -22"><span class='ocrx_word' id='word_1_112' title='bbox 174 1569 302 1630; x_wconf 88' lang='lat' dir='ltr'>diuerso</span> <span class='ocrx_word' id='word_1_113' title='bbox 327 1578 361 1631; x_wconf 91' lang='lat' dir='ltr'>ut</span> <span class='ocrx_word' id='word_1_114' title='bbox 382 1573 485 1632; x_wconf 91' lang='lat' dir='ltr'>minus</span> <span class='ocrx_word' id='word_1_115' title='bbox 517 1570 666 1650; x_wconf 89' lang='lat' dir='ltr'>debeant,</span> <span class='ocrx_word' id='word_1_116' title='bbox 695 1571 827 1652; x_wconf 89' lang='lat' dir='ltr'>obligari</span> <span class='ocrx_word' id='word_1_117' title='bbox 854 1580 1000 1652; x_wconf 85' lang='lat' dir='ltr'>possunt,</span> <span class='ocrx_word' id='word_1_118' title='bbox 1031 1575 1111 1634; x_wconf 88' lang='lat' dir='ltr'>sicut</span> <span class='ocrx_word' id='word_1_119' title='bbox 1136 1575 1166 1632; x_wconf 92' lang='lat' dir='ltr'>in</span> <span class='ocrx_word' id='word_1_120' title='bbox 1196 1573 1251 1634; x_wconf 93' lang='lat' dir='ltr'>ad-</span> 
     </span>
     <span class='ocr_line' id='line_1_15' title="bbox 174 1655 1252 1738; baseline 0.002 -22"><span class='ocrx_word' id='word_1_121' title='bbox 174 1655 366 1734; x_wconf 91' lang='lat' dir='ltr'>stipulatoris</span> <span class='ocrx_word' id='word_1_122' title='bbox 387 1675 522 1735; x_wconf 89' lang='lat' dir='ltr'>persona</span> <span class='ocrx_word' id='word_1_123' title='bbox 546 1657 691 1719; x_wconf 86' lang='lat' dir='ltr'>diximus.</span> <span class='ocrx_word' id='word_1_124' title='bbox 729 1677 802 1720; x_wconf 92' lang='lat' dir='ltr'>nam</span> <span class='ocrx_word' id='word_1_125' title='bbox 823 1667 859 1719; x_wconf 91' lang='lat' dir='ltr'>ut</span> <span class='ocrx_word' id='word_1_126' title='bbox 881 1658 1128 1738; x_wconf 89' lang='lat' dir='ltr'>adstipulatoris,</span> <span class='ocrx_word' id='word_1_127' title='bbox 1156 1660 1198 1719; x_wconf 94' lang='lat' dir='ltr'>ita</span> <span class='ocrx_word' id='word_1_128' title='bbox 1221 1665 1252 1718; x_wconf 91' lang='lat' dir='ltr'>et</span> 
     </span>
     <span class='ocr_line' id='line_1_16' title="bbox 173 1742 1319 1824; baseline 0 -22"><span class='ocrx_word' id='word_1_129' title='bbox 173 1743 286 1802; x_wconf 91' lang='lat' dir='ltr'>horum</span> <span class='ocrx_word' id='word_1_130' title='bbox 315 1742 463 1822; x_wconf 83' lang='lat' dir='ltr'>obligatio</span> <span class='ocrx_word' id='word_1_131' title='bbox 490 1747 626 1804; x_wconf 88' lang='lat' dir='ltr'>accessio</span> <span class='ocrx_word' id='word_1_132' title='bbox 661 1751 709 1806; x_wconf 90' lang='lat' dir='ltr'>est</span> <span class='ocrx_word' id='word_1_133' title='bbox 736 1745 917 1824; x_wconf 88' lang='lat' dir='ltr'>principalis</span> <span class='ocrx_word' id='word_1_134' title='bbox 949 1745 1158 1824; x_wconf 84' lang='lat' dir='ltr'>obligationis,</span> <span class='ocrx_word' id='word_1_135' title='bbox 1192 1756 1291 1804; x_wconf 77' lang='lat' dir='ltr'>necte</span> <span class='ocrx_word' id='word_1_136' title='bbox 1317 1745 1319 1749; x_wconf 79' lang='grc'>’</span> 
     </span>
     <span class='ocr_line' id='line_1_17' title="bbox 106 1827 1250 1912; baseline 0.003 -25"><span class='ocrx_word' id='word_1_137' title='bbox 106 1827 246 1906; x_wconf 78' lang='grc'>42744444</span> <span class='ocrx_word' id='word_1_138' title='bbox 273 1830 305 1888; x_wconf 90' lang='lat' dir='ltr'>in</span> <span class='ocrx_word' id='word_1_139' title='bbox 332 1831 509 1890; x_wconf 81' lang='lat' dir='ltr'>accessione</span> <span class='ocrx_word' id='word_1_140' title='bbox 537 1848 607 1891; x_wconf 91' lang='lat' dir='ltr'>esse</span> <span class='ocrx_word' id='word_1_141' title='bbox 633 1837 737 1909; x_wconf 91' lang='lat' dir='ltr'>potest</span> <span class='ocrx_word' id='word_1_142' title='bbox 763 1850 857 1912; x_wconf 91' lang='lat' dir='ltr'>quam</span> <span class='ocrx_word' id='word_1_143' title='bbox 884 1833 915 1891; x_wconf 95' lang='lat' dir='ltr'>in</span> <span class='ocrx_word' id='word_1_144' title='bbox 942 1831 1106 1910; x_wconf 91' lang='lat' dir='ltr'>principali</span> <span class='ocrx_word' id='word_1_145' title='bbox 1128 1849 1168 1890; x_wconf 86' lang='lat' dir='ltr'>re.</span> <span class='ocrx_word' id='word_1_146' title='bbox 1215 1831 1250 1890; x_wconf 90' lang='lat' dir='ltr'>ln</span> 
     </span>
     <span class='ocr_line' id='line_1_18' title="bbox 174 1917 1249 1997; baseline 0.002 -23"><span class='ocrx_word' id='word_1_147' title='bbox 174 1933 211 1974; x_wconf 94' lang='lat' dir='ltr'>eo</span> <span class='ocrx_word' id='word_1_148' title='bbox 241 1933 369 1995; x_wconf 91' lang='lat' dir='ltr'>quoque</span> <span class='ocrx_word' id='word_1_149' title='bbox 397 1933 455 1993; x_wconf 95' lang='lat' dir='ltr'>par</span> <span class='ocrx_word' id='word_1_150' title='bbox 482 1917 619 1977; x_wconf 88' lang='lat' dir='ltr'>omnium</span> <span class='ocrx_word' id='word_1_151' title='bbox 642 1935 736 1977; x_wconf 90' lang='lat' dir='ltr'>causa</span> <span class='ocrx_word' id='word_1_152' title='bbox 761 1919 822 1994; x_wconf 84' lang='lat' dir='ltr'>esi,</span> <span class='ocrx_word' id='word_1_153' title='bbox 853 1918 938 1996; x_wconf 87' lang='lat' dir='ltr'>quod</span> <span class='ocrx_word' id='word_1_154' title='bbox 968 1919 994 1978; x_wconf 89' lang='lat' dir='ltr'>si</span> <span class='ocrx_word' id='word_1_155' title='bbox 1016 1917 1092 1997; x_wconf 80' lang='lat' dir='ltr'>quid</span> <span class='ocrx_word' id='word_1_156' title='bbox 1112 1935 1170 1996; x_wconf 93' lang='lat' dir='ltr'>pro</span> <span class='ocrx_word' id='word_1_157' title='bbox 1193 1935 1249 1977; x_wconf 81' lang='lat' dir='ltr'>reo</span> 
     </span>
     <span class='ocr_line' id='line_1_19' title="bbox 174 1999 1250 2081; baseline 0.002 -20"><span class='ocrx_word' id='word_1_158' title='bbox 174 1999 341 2081; x_wconf 90' lang='lat' dir='ltr'>soluerint,</span> <span class='ocrx_word' id='word_1_159' title='bbox 371 2002 438 2062; x_wconf 91' lang='lat' dir='ltr'>eius</span> <span class='ocrx_word' id='word_1_160' title='bbox 466 2002 663 2080; x_wconf 91' lang='lat' dir='ltr'>reciperandi</span> <span class='ocrx_word' id='word_1_161' title='bbox 689 2020 784 2063; x_wconf 92' lang='lat' dir='ltr'>causa</span> <span class='ocrx_word' id='word_1_162' title='bbox 811 2003 928 2064; x_wconf 88' lang='lat' dir='ltr'>habeut</span> <span class='ocrx_word' id='word_1_163' title='bbox 955 2022 1026 2063; x_wconf 93' lang='lat' dir='ltr'>cum</span> <span class='ocrx_word' id='word_1_164' title='bbox 1053 2022 1090 2063; x_wconf 90' lang='lat' dir='ltr'>eo</span> <span class='ocrx_word' id='word_1_165' title='bbox 1112 2001 1250 2064; x_wconf 91' lang='lat' dir='ltr'>mandati</span> 
     </span>
     <span class='ocr_line' id='line_1_20' title="bbox 172 2085 1251 2170; baseline 0.004 -25"><span class='ocrx_word' id='word_1_166' title='bbox 172 2085 332 2147; x_wconf 91' lang='lat' dir='ltr'>iudicium.</span> <span class='ocrx_word' id='word_1_167' title='bbox 379 2094 409 2147; x_wconf 89' lang='lat' dir='ltr'>et</span> <span class='ocrx_word' id='word_1_168' title='bbox 430 2088 489 2148; x_wconf 91' lang='lat' dir='ltr'>hoo</span> <span class='ocrx_word' id='word_1_169' title='bbox 511 2088 646 2168; x_wconf 89' lang='lat' dir='ltr'>amplius</span> <span class='ocrx_word' id='word_1_170' title='bbox 675 2107 840 2168; x_wconf 88' lang='lat' dir='ltr'>sponsores</span> <span class='ocrx_word' id='word_1_171' title='bbox 864 2109 903 2150; x_wconf 90' lang='lat' dir='ltr'>ex</span> <span class='ocrx_word' id='word_1_172' title='bbox 930 2088 999 2170; x_wconf 90' lang='lat' dir='ltr'>lege</span> <span class='ocrx_word' id='word_1_173' title='bbox 1022 2088 1156 2150; x_wconf 91' lang='lat' dir='ltr'>Publilia</span> <span class='ocrx_word' id='word_1_174' title='bbox 1177 2105 1251 2168; x_wconf 90' lang='lat' dir='ltr'>pro·</span> 
     </span>
     <span class='ocr_line' id='line_1_21' title="bbox 171 2171 1289 2255; baseline -0.002 -23"><span class='ocrx_word' id='word_1_175' title='bbox 171 2174 272 2252; x_wconf 86' lang='lat' dir='ltr'>priam</span> <span class='ocrx_word' id='word_1_176' title='bbox 295 2171 413 2233; x_wconf 88' lang='lat' dir='ltr'>habent</span> <span class='ocrx_word' id='word_1_177' title='bbox 433 2175 585 2235; x_wconf 90' lang='lat' dir='ltr'>actionem</span> <span class='ocrx_word' id='word_1_178' title='bbox 600 2177 632 2235; x_wconf 92' lang='lat' dir='ltr'>in</span> <span class='ocrx_word' id='word_1_179' title='bbox 649 2174 791 2254; x_wconf 87' lang='lat' dir='ltr'>duplum,</span> <span class='ocrx_word' id='word_1_180' title='bbox 815 2193 896 2255; x_wconf 91' lang='lat' dir='ltr'>quae</span> <span class='ocrx_word' id='word_1_181' title='bbox 916 2173 1091 2254; x_wconf 92' lang='lat' dir='ltr'>appellatur</span> <span class='ocrx_word' id='word_1_182' title='bbox 1107 2175 1246 2254; x_wconf 89' lang='lat' dir='ltr'>depensi.</span> <span class='ocrx_word' id='word_1_183' title='bbox 1258 2185 1289 2231; x_wconf 77' lang='grc'>44</span> 
     </span>
     <span class='ocr_line' id='line_1_22' title="bbox 106 2259 1247 2340; baseline 0.004 -22"><span class='ocrx_word' id='word_1_184' title='bbox 106 2259 163 2322; x_wconf 72' lang='grc'>428</span> <span class='ocrx_word' id='word_1_185' title='bbox 257 2261 380 2320; x_wconf 90' lang='lat' dir='ltr'>Litteris</span> <span class='ocrx_word' id='word_1_186' title='bbox 413 2259 558 2340; x_wconf 85' lang='lat' dir='ltr'>obligatio</span> <span class='ocrx_word' id='word_1_187' title='bbox 588 2261 622 2320; x_wconf 90' lang='lat' dir='ltr'>fit</span> <span class='ocrx_word' id='word_1_188' title='bbox 651 2260 752 2322; x_wconf 88' lang='lat' dir='ltr'>ueluti</span> <span class='ocrx_word' id='word_1_189' title='bbox 777 2261 953 2321; x_wconf 75' lang='lat' dir='ltr'>nominebus</span> <span class='ocrx_word' id='word_1_190' title='bbox 988 2263 1247 2339; x_wconf 85' lang='lat' dir='ltr'>transscripticiis.</span> 
     </span>
     <span class='ocr_line' id='line_1_23' title="bbox 172 2345 1247 2426; baseline 0.002 -23"><span class='ocrx_word' id='word_1_191' title='bbox 172 2345 207 2404; x_wconf 89' lang='lat' dir='ltr'>fit</span> <span class='ocrx_word' id='word_1_192' title='bbox 229 2351 327 2404; x_wconf 86' lang='lat' dir='ltr'>autem</span> <span class='ocrx_word' id='word_1_193' title='bbox 349 2364 463 2406; x_wconf 90' lang='lat' dir='ltr'>nomen</span> <span class='ocrx_word' id='word_1_194' title='bbox 485 2348 762 2426; x_wconf 90' lang='lat' dir='ltr'>transscripticium</span> <span class='ocrx_word' id='word_1_195' title='bbox 786 2346 903 2425; x_wconf 92' lang='lat' dir='ltr'>duplici</span> <span class='ocrx_word' id='word_1_196' title='bbox 925 2346 1027 2424; x_wconf 93' lang='lat' dir='ltr'>modo,</span> <span class='ocrx_word' id='word_1_197' title='bbox 1050 2345 1104 2406; x_wconf 91' lang='lat' dir='ltr'>uel</span> <span class='ocrx_word' id='word_1_198' title='bbox 1126 2364 1143 2406; x_wconf 89' lang='lat' dir='ltr'>a</span> <span class='ocrx_word' id='word_1_199' title='bbox 1166 2364 1200 2406; x_wconf 90' lang='lat' dir='ltr'>re</span> <span class='ocrx_word' id='word_1_200' title='bbox 1216 2349 1247 2406; x_wconf 89' lang='lat' dir='ltr'>in</span> 
     </span>
    </p>
   </div>
   <div class='ocr_carea' id='block_1_3' title="bbox 105 2429 1288 2770">
    <p class='ocr_par' dir='ltr' id='par_1_3' title="bbox 106 2429 1288 2682">
     <span class='ocr_line' id='line_1_24' title="bbox 106 2429 1248 2514; baseline 0 -24"><span class='ocrx_word' id='word_1_201' title='bbox 106 2431 162 2494; x_wconf 77' lang='grc'>429</span> <span class='ocrx_word' id='word_1_202' title='bbox 171 2448 339 2510; x_wconf 91' lang='lat' dir='ltr'>personam</span> <span class='ocrx_word' id='word_1_203' title='bbox 362 2431 416 2492; x_wconf 90' lang='lat' dir='ltr'>uel</span> <span class='ocrx_word' id='word_1_204' title='bbox 438 2450 455 2492; x_wconf 97' lang='lat' dir='ltr'>a</span> <span class='ocrx_word' id='word_1_205' title='bbox 477 2450 611 2511; x_wconf 81' lang='lat' dir='ltr'>persona</span> <span class='ocrx_word' id='word_1_206' title='bbox 632 2434 664 2494; x_wconf 93' lang='lat' dir='ltr'>in</span> <span class='ocrx_word' id='word_1_207' title='bbox 686 2451 865 2512; x_wconf 87' lang='lat' dir='ltr'>personum.</span> <span class='ocrx_word' id='word_1_208' title='bbox 911 2429 951 2514; x_wconf 80' lang='lat' dir='ltr'>&lt;A</span> <span class='ocrx_word' id='word_1_209' title='bbox 973 2450 1007 2492; x_wconf 82' lang='lat' dir='ltr'>re</span> <span class='ocrx_word' id='word_1_210' title='bbox 1029 2435 1061 2492; x_wconf 79' lang='lat' dir='ltr'>iu</span> <span class='ocrx_word' id='word_1_211' title='bbox 1081 2449 1248 2510; x_wconf 82' lang='lat' dir='ltr'>personum</span> 
     </span>
     <span class='ocr_line' id='line_1_25' title="bbox 172 2513 1248 2598; baseline -0.001 -21"><span class='ocrx_word' id='word_1_212' title='bbox 172 2513 403 2598; x_wconf 82' lang='lat' dir='ltr'>trous&gt;scriptio</span> <span class='ocrx_word' id='word_1_213' title='bbox 426 2517 473 2596; x_wconf 91' lang='lat' dir='ltr'>fit,</span> <span class='ocrx_word' id='word_1_214' title='bbox 501 2518 600 2579; x_wconf 91' lang='lat' dir='ltr'>ueluti</span> <span class='ocrx_word' id='word_1_215' title='bbox 623 2521 649 2579; x_wconf 92' lang='lat' dir='ltr'>si</span> <span class='ocrx_word' id='word_1_216' title='bbox 671 2519 717 2597; x_wconf 92' lang='lat' dir='ltr'>id,</span> <span class='ocrx_word' id='word_1_217' title='bbox 742 2518 827 2598; x_wconf 84' lang='lat' dir='ltr'>quod</span> <span class='ocrx_word' id='word_1_218' title='bbox 850 2525 881 2578; x_wconf 85' lang='lat' dir='ltr'>tu</span> <span class='ocrx_word' id='word_1_219' title='bbox 905 2537 944 2578; x_wconf 87' lang='lat' dir='ltr'>ex</span> <span class='ocrx_word' id='word_1_220' title='bbox 967 2519 1130 2596; x_wconf 89' lang='lat' dir='ltr'>emptionis</span> <span class='ocrx_word' id='word_1_221' title='bbox 1153 2534 1248 2578; x_wconf 90' lang='lat' dir='ltr'>causa</span> 
     </span>
     <span class='ocr_line' id='line_1_26' title="bbox 128 2602 1288 2682; baseline 0 -20"><span class='ocrx_word' id='word_1_222' title='bbox 128 2617 149 2641; x_wconf 78' lang='lat'>¹¹·</span> <span class='ocrx_word' id='word_1_223' title='bbox 171 2611 225 2664; x_wconf 90' lang='lat' dir='ltr'>aut</span> <span class='ocrx_word' id='word_1_224' title='bbox 252 2602 466 2664; x_wconf 89' lang='lat' dir='ltr'>conductionis</span> <span class='ocrx_word' id='word_1_225' title='bbox 494 2612 548 2664; x_wconf 94' lang='lat' dir='ltr'>aut</span> <span class='ocrx_word' id='word_1_226' title='bbox 575 2607 728 2666; x_wconf 90' lang='lat' dir='ltr'>societatis</span> <span class='ocrx_word' id='word_1_227' title='bbox 751 2605 827 2665; x_wconf 92' lang='lat' dir='ltr'>mihi</span> <span class='ocrx_word' id='word_1_228' title='bbox 850 2602 984 2682; x_wconf 77' lang='lat' dir='ltr'>debeaS,</span> <span class='ocrx_word' id='word_1_229' title='bbox 1012 2603 1043 2664; x_wconf 92' lang='lat' dir='ltr'>id</span> <span class='ocrx_word' id='word_1_230' title='bbox 1073 2605 1288 2682; x_wconf 79' lang='lat' dir='ltr'>expensum2⁵</span> 
     </span>
    </p>

    <p class='ocr_par' dir='ltr' id='par_1_4' title="bbox 105 2687 1248 2770">
     <span class='ocr_line' id='line_1_27' title="bbox 105 2687 1248 2770; baseline 0.001 -22"><span class='ocrx_word' id='word_1_231' title='bbox 105 2689 160 2750; x_wconf 84' lang='grc'>430</span> <span class='ocrx_word' id='word_1_232' title='bbox 170 2689 227 2750; x_wconf 90' lang='lat' dir='ltr'>tibi</span> <span class='ocrx_word' id='word_1_233' title='bbox 249 2688 360 2750; x_wconf 91' lang='lat' dir='ltr'>tulero.</span> <span class='ocrx_word' id='word_1_234' title='bbox 398 2687 424 2750; x_wconf 88' lang='grc' dir='ltr'>Α</span> <span class='ocrx_word' id='word_1_235' title='bbox 446 2708 581 2770; x_wconf 92' lang='lat' dir='ltr'>persona</span> <span class='ocrx_word' id='word_1_236' title='bbox 603 2693 635 2751; x_wconf 92' lang='lat' dir='ltr'>in</span> <span class='ocrx_word' id='word_1_237' title='bbox 656 2709 825 2770; x_wconf 85' lang='lat' dir='ltr'>personum</span> <span class='ocrx_word' id='word_1_238' title='bbox 847 2691 1059 2768; x_wconf 89' lang='lat' dir='ltr'>transscriptio</span> <span class='ocrx_word' id='word_1_239' title='bbox 1080 2689 1122 2768; x_wconf 90' lang='lat' dir='ltr'>fit,</span> <span class='ocrx_word' id='word_1_240' title='bbox 1147 2688 1248 2750; x_wconf 92' lang='lat' dir='ltr'>ueluti</span> 
     </span>
    </p>
   </div>
   <div class='ocr_carea' id='block_1_4' title="bbox 1197 2855 1247 2872">
    <p class='ocr_par' dir='ltr' id='par_1_5' title="bbox 1197 2855 1247 2872">
     <span class='ocr_line' id='line_1_28' title="bbox 1197 2855 1247 2872; baseline 0 0"><span class='ocrx_word' id='word_1_241' title='bbox 1197 2855 1247 2872; x_wconf 57' lang='lat' dir='ltr'>W</span> 
     </span>
    </p>
   </div>
   <div class='ocr_carea' id='block_1_5' title="bbox 170 2928 1372 3200">
    <p class='ocr_par' dir='ltr' id='par_1_6' title="bbox 170 2928 1372 3200">
     <span class='ocr_line' id='line_1_29' title="bbox 239 2928 1372 2992; baseline -0.003 -15"><span class='ocrx_word' id='word_1_242' title='bbox 239 2930 254 2990; x_wconf 75' lang='lat'>§</span> <span class='ocrx_word' id='word_1_243' title='bbox 274 2932 323 2977; x_wconf 75' lang='lat'>⁴26</span> <span class='ocrx_word' id='word_1_244' title='bbox 347 2929 412 2978; x_wconf 89' lang='lat' dir='ltr'>inde</span> <span class='ocrx_word' id='word_1_245' title='bbox 436 2928 471 2978; x_wconf 86' lang='lat' dir='ltr'>ab</span> <span class='ocrx_word' id='word_1_246' title='bbox 496 2932 523 2978; x_wconf 89' lang='grc'>44</span> <span class='ocrx_word' id='word_1_247' title='bbox 549 2931 587 2979; x_wconf 83' lang='grc'>444</span> <span class='ocrx_word' id='word_1_248' title='bbox 609 2929 750 2992; x_wconf 85' lang='lat' dir='ltr'>usquead</span> <span class='ocrx_word' id='word_1_249' title='bbox 769 2932 927 2990; x_wconf 78' lang='grc'>4444444444</span> <span class='ocrx_word' id='word_1_250' title='bbox 951 2941 1073 2978; x_wconf 92' lang='lat' dir='ltr'>necnon</span> <span class='ocrx_word' id='word_1_251' title='bbox 1093 2931 1124 2977; x_wconf 84' lang='grc'>44</span> <span class='ocrx_word' id='word_1_252' title='bbox 1143 2941 1205 2978; x_wconf 86' lang='lat' dir='ltr'>nom</span> <span class='ocrx_word' id='word_1_253' title='bbox 1222 2930 1249 2978; x_wconf 89' lang='grc'>44</span> <span class='ocrx_word' id='word_1_254' title='bbox 1368 2963 1372 2974; x_wconf 94' lang='grc'>.</span> 
     </span>
     <span class='ocr_line' id='line_1_30' title="bbox 171 2995 1247 3064; baseline -0.001 -17"><span class='ocrx_word' id='word_1_255' title='bbox 171 2998 234 3047; x_wconf 88' lang='lat' dir='ltr'>inde</span> <span class='ocrx_word' id='word_1_256' title='bbox 253 2996 288 3047; x_wconf 86' lang='lat' dir='ltr'>ab</span> <span class='ocrx_word' id='word_1_257' title='bbox 309 3001 339 3046; x_wconf 84' lang='grc'>444</span> <span class='ocrx_word' id='word_1_258' title='bbox 358 2999 451 3048; x_wconf 84' lang='lat' dir='ltr'>torum</span> <span class='ocrx_word' id='word_1_259' title='bbox 469 3017 501 3042; x_wconf 90' lang='lat'>=</span> <span class='ocrx_word' id='word_1_260' title='bbox 520 2999 584 3047; x_wconf 89' lang='lat' dir='ltr'>lost.</span> <span class='ocrx_word' id='word_1_261' title='bbox 605 3001 627 3062; x_wconf 85' lang='grc'>3,</span> <span class='ocrx_word' id='word_1_262' title='bbox 646 3001 687 3061; x_wconf 74' lang='lat' dir='ltr'>tt,</span> <span class='ocrx_word' id='word_1_263' title='bbox 707 3001 720 3046; x_wconf 88' lang='lat'><strong>5</strong></span> <span class='ocrx_word' id='word_1_264' title='bbox 739 2995 889 3064; x_wconf 68' lang='lat' dir='ltr'>notuimus]</span> <span class='ocrx_word' id='word_1_265' title='bbox 909 2999 924 3060; x_wconf 64' lang='grc' dir='ltr'>ξ</span> <span class='ocrx_word' id='word_1_266' title='bbox 943 3001 991 3046; x_wconf 85' lang='grc'>443</span> <span class='ocrx_word' id='word_1_267' title='bbox 1009 2995 1019 3064; x_wconf 93' lang='grc'>44</span> <span class='ocrx_word' id='word_1_268' title='bbox 1036 2998 1050 3059; x_wconf 69' lang='lat'>5</span> <span class='ocrx_word' id='word_1_269' title='bbox 1069 2999 1117 3051; x_wconf 77' lang='lat'>⁴27</span> <span class='ocrx_word' id='word_1_270' title='bbox 1137 2997 1201 3048; x_wconf 90' lang='lat' dir='ltr'>inde</span> <span class='ocrx_word' id='word_1_271' title='bbox 1213 2997 1247 3047; x_wconf 87' lang='lat' dir='ltr'>ab</span> 
     </span>
     <span class='ocr_line' id='line_1_31' title="bbox 171 3064 1247 3132; baseline 0.001 -17"><span class='ocrx_word' id='word_1_272' title='bbox 171 3070 202 3116; x_wconf 86' lang='lat' dir='ltr'>t&#39;i</span> <span class='ocrx_word' id='word_1_273' title='bbox 221 3069 348 3130; x_wconf 77' lang='lat' dir='ltr'>eiusque</span> <span class='ocrx_word' id='word_1_274' title='bbox 371 3067 403 3116; x_wconf 90' lang='lat' dir='ltr'>ad</span> <span class='ocrx_word' id='word_1_275' title='bbox 430 3071 439 3114; x_wconf 96' lang='grc'>4</span> <span class='ocrx_word' id='word_1_276' title='bbox 447 3070 461 3114; x_wconf 84' lang='grc'><strong>9</strong></span> <span class='ocrx_word' id='word_1_277' title='bbox 485 3069 610 3117; x_wconf 85' lang='lat' dir='ltr'>iudicium</span> <span class='ocrx_word' id='word_1_278' title='bbox 628 3066 684 3116; x_wconf 87' lang='grc'>4444</span> <span class='ocrx_word' id='word_1_279' title='bbox 703 3087 735 3108; x_wconf 93' lang='lat'><em>=</em></span> <span class='ocrx_word' id='word_1_280' title='bbox 754 3068 817 3117; x_wconf 90' lang='lat' dir='ltr'>lust.</span> <span class='ocrx_word' id='word_1_281' title='bbox 837 3071 860 3132; x_wconf 84' lang='grc'>3,</span> <span class='ocrx_word' id='word_1_282' title='bbox 882 3070 922 3131; x_wconf 76' lang='lat'>2⁰,</span> <span class='ocrx_word' id='word_1_283' title='bbox 942 3071 956 3116; x_wconf 80' lang='lat'>6</span> <span class='ocrx_word' id='word_1_284' title='bbox 978 3064 988 3132; x_wconf 92' lang='grc' dir='ltr'>ΙΙ</span> <span class='ocrx_word' id='word_1_285' title='bbox 1011 3067 1046 3116; x_wconf 83' lang='lat' dir='ltr'>ed</span> <span class='ocrx_word' id='word_1_286' title='bbox 1071 3068 1153 3128; x_wconf 73' lang='lat'>§429</span> <span class='ocrx_word' id='word_1_287' title='bbox 1177 3066 1247 3116; x_wconf 86' lang='lat' dir='ltr'>conf.</span> 
     </span>
     <span class='ocr_line' id='line_1_32' title="bbox 170 3135 437 3200; baseline 0 -16"><span class='ocrx_word' id='word_1_288' title='bbox 170 3135 336 3200; x_wconf 88' lang='lat' dir='ltr'>Theophilus</span> <span class='ocrx_word' id='word_1_289' title='bbox 355 3137 378 3199; x_wconf 82' lang='grc'>3,</span> <span class='ocrx_word' id='word_1_290' title='bbox 397 3139 437 3184; x_wconf 76' lang='lat' dir='ltr'>et.</span> 
     </span>
    </p>
   </div>
   <div class='ocr_carea' id='block_1_6' title="bbox 168 3339 1246 4232">
    <p class='ocr_par' dir='ltr' id='par_1_7' title="bbox 168 3339 1246 4232">
     <span class='ocr_line' id='line_1_33' title="bbox 238 3339 1246 3406; baseline 0 -18"><span class='ocrx_word' id='word_1_291' title='bbox 238 3343 248 3388; x_wconf 97' lang='grc'>4</span> <span class='ocrx_word' id='word_1_292' title='bbox 272 3343 313 3390; x_wconf 85' lang='grc'>444</span> <span class='ocrx_word' id='word_1_293' title='bbox 331 3354 390 3390; x_wconf 78' lang='lat' dir='ltr'>eam</span> <span class='ocrx_word' id='word_1_294' title='bbox 412 3340 553 3404; x_wconf 78' lang='lat' dir='ltr'>Goesclten,</span> <span class='ocrx_word' id='word_1_295' title='bbox 577 3354 637 3391; x_wconf 89' lang='grc'>4444</span> <span class='ocrx_word' id='word_1_296' title='bbox 655 3355 670 3390; x_wconf 87' lang='lat' dir='ltr'>e</span> <span class='ocrx_word' id='word_1_297' title='bbox 692 3339 737 3406; x_wconf 83' lang='grc'>044</span> <span class='ocrx_word' id='word_1_298' title='bbox 755 3341 878 3392; x_wconf 88' lang='lat' dir='ltr'>debitum</span> <span class='ocrx_word' id='word_1_299' title='bbox 896 3343 931 3390; x_wconf 92' lang='lat' dir='ltr'>iri</span> <span class='ocrx_word' id='word_1_300' title='bbox 952 3341 1093 3404; x_wconf 78' lang='lat' dir='ltr'>Goesclten,</span> <span class='ocrx_word' id='word_1_301' title='bbox 1118 3340 1246 3390; x_wconf 90' lang='lat' dir='ltr'>debitiuri</span> 
     </span>
     <span class='ocr_line' id='line_1_34' title="bbox 172 3406 1245 3475; baseline 0 -17"><span class='ocrx_word' id='word_1_302' title='bbox 172 3406 217 3474; x_wconf 84' lang='grc'>044</span> <span class='ocrx_word' id='word_1_303' title='bbox 234 3413 248 3458; x_wconf 83' lang='grc'>3</span> <span class='ocrx_word' id='word_1_304' title='bbox 268 3412 315 3458; x_wconf 85' lang='lat' dir='ltr'>aut</span> <span class='ocrx_word' id='word_1_305' title='bbox 332 3409 473 3472; x_wconf 74' lang='lat' dir='ltr'>Boecleinp,</span> <span class='ocrx_word' id='word_1_306' title='bbox 496 3412 523 3460; x_wconf 88' lang='lat' dir='ltr'>et</span> <span class='ocrx_word' id='word_1_307' title='bbox 543 3409 563 3458; x_wconf 83' lang='lat'><em>0</em></span> <span class='ocrx_word' id='word_1_308' title='bbox 583 3407 593 3475; x_wconf 95' lang='grc'>44</span> <span class='ocrx_word' id='word_1_309' title='bbox 618 3414 630 3458; x_wconf 85' lang='grc'><strong>7</strong></span> <span class='ocrx_word' id='word_1_310' title='bbox 651 3406 685 3475; x_wconf 84' lang='grc'>4)</span> <span class='ocrx_word' id='word_1_311' title='bbox 707 3411 804 3460; x_wconf 80' lang='lat' dir='ltr'>addidit</span> <span class='ocrx_word' id='word_1_312' title='bbox 826 3410 943 3459; x_wconf 77' lang='lat' dir='ltr'>Huschke</span> <span class='ocrx_word' id='word_1_313' title='bbox 965 3407 974 3472; x_wconf 93' lang='grc'>44</span> <span class='ocrx_word' id='word_1_314' title='bbox 998 3413 1029 3458; x_wconf 86' lang='grc'>44</span> <span class='ocrx_word' id='word_1_315' title='bbox 1054 3422 1163 3473; x_wconf 83' lang='lat' dir='ltr'>quoque</span> <span class='ocrx_word' id='word_1_316' title='bbox 1187 3410 1245 3458; x_wconf 88' lang='grc'>44444</span> 
     </span>
     <span class='ocr_line' id='line_1_35' title="bbox 170 3476 1246 3544; baseline -0.001 -17"><span class='ocrx_word' id='word_1_317' title='bbox 170 3477 294 3541; x_wconf 80' lang='lat' dir='ltr'>Huschke,</span> <span class='ocrx_word' id='word_1_318' title='bbox 313 3478 370 3527; x_wconf 89' lang='lat' dir='ltr'>iure</span> <span class='ocrx_word' id='word_1_319' title='bbox 388 3491 497 3542; x_wconf 88' lang='lat' dir='ltr'>quoque</span> <span class='ocrx_word' id='word_1_320' title='bbox 515 3479 591 3528; x_wconf 89' lang='lat' dir='ltr'>iurae</span> <span class='ocrx_word' id='word_1_321' title='bbox 611 3477 630 3528; x_wconf 81' lang='lat' dir='ltr'><strong><em>G</em></strong></span> <span class='ocrx_word' id='word_1_322' title='bbox 649 3477 659 3544; x_wconf 92' lang='grc'>44</span> <span class='ocrx_word' id='word_1_323' title='bbox 681 3483 708 3528; x_wconf 95' lang='grc'>44</span> <span class='ocrx_word' id='word_1_324' title='bbox 732 3477 923 3528; x_wconf 87' lang='lat' dir='ltr'>fideiussorum</span> <span class='ocrx_word' id='word_1_325' title='bbox 944 3477 1083 3542; x_wconf 82' lang='lat' dir='ltr'>Goeschen,</span> <span class='ocrx_word' id='word_1_326' title='bbox 1101 3476 1246 3526; x_wconf 89' lang='lat' dir='ltr'>fideiussor</span> 
     </span>
     <span class='ocr_line' id='line_1_36' title="bbox 173 3543 1245 3613; baseline -0.002 -17"><span class='ocrx_word' id='word_1_327' title='bbox 173 3544 217 3612; x_wconf 80' lang='grc'>044</span> <span class='ocrx_word' id='word_1_328' title='bbox 233 3549 349 3610; x_wconf 89' lang='lat' dir='ltr'>possunt</span> <span class='ocrx_word' id='word_1_329' title='bbox 373 3547 447 3610; x_wconf 83' lang='lat' dir='ltr'>lust,</span> <span class='ocrx_word' id='word_1_330' title='bbox 471 3544 566 3611; x_wconf 83' lang='lat' dir='ltr'>possi?</span> <span class='ocrx_word' id='word_1_331' title='bbox 591 3545 611 3596; x_wconf 85' lang='lat' dir='ltr'><em>C</em></span> <span class='ocrx_word' id='word_1_332' title='bbox 633 3561 667 3596; x_wconf 88' lang='lat' dir='ltr'>eec</span> <span class='ocrx_word' id='word_1_333' title='bbox 690 3551 844 3597; x_wconf 81' lang='lat' dir='ltr'>correctione</span> <span class='ocrx_word' id='word_1_334' title='bbox 865 3543 875 3613; x_wconf 95' lang='grc'>44</span> <span class='ocrx_word' id='word_1_335' title='bbox 898 3551 929 3595; x_wconf 73' lang='lat' dir='ltr'>ti</span> <span class='ocrx_word' id='word_1_336' title='bbox 948 3549 979 3595; x_wconf 90' lang='lat' dir='ltr'>ut</span> <span class='ocrx_word' id='word_1_337' title='bbox 1002 3547 1077 3609; x_wconf 82' lang='grc'>4444,</span> <span class='ocrx_word' id='word_1_338' title='bbox 1099 3549 1130 3596; x_wconf 94' lang='lat' dir='ltr'>ut</span> <span class='ocrx_word' id='word_1_339' title='bbox 1152 3545 1245 3608; x_wconf 81' lang='lat' dir='ltr'>regula</span> 
     </span>
     <span class='ocr_line' id='line_1_37' title="bbox 171 3611 1246 3680; baseline -0.002 -16"><span class='ocrx_word' id='word_1_340' title='bbox 171 3613 204 3664; x_wconf 79' lang='lat'>0¹¹</span> <span class='ocrx_word' id='word_1_341' title='bbox 231 3617 274 3676; x_wconf 79' lang='lat' dir='ltr'>(ex</span> <span class='ocrx_word' id='word_1_342' title='bbox 299 3616 462 3679; x_wconf 67' lang='lat' dir='ltr'>glossemate,</span> <span class='ocrx_word' id='word_1_343' title='bbox 489 3616 555 3678; x_wconf 80' lang='grc'>4444.</span> <span class='ocrx_word' id='word_1_344' title='bbox 586 3615 617 3666; x_wconf 66' lang='lat'>0²</span> <span class='ocrx_word' id='word_1_345' title='bbox 640 3629 702 3678; x_wconf 76' lang='grc'>4444.</span> <span class='ocrx_word' id='word_1_346' title='bbox 730 3615 787 3678; x_wconf 88' lang='lat' dir='ltr'>XX)</span> <span class='ocrx_word' id='word_1_347' title='bbox 813 3613 823 3680; x_wconf 91' lang='grc'>44</span> <span class='ocrx_word' id='word_1_348' title='bbox 849 3615 938 3664; x_wconf 77' lang='lat' dir='ltr'>debet&#39;</span> <span class='ocrx_word' id='word_1_349' title='bbox 957 3615 1032 3679; x_wconf 81' lang='lat' dir='ltr'>lust,</span> <span class='ocrx_word' id='word_1_350' title='bbox 1059 3614 1170 3664; x_wconf 87' lang='lat' dir='ltr'>deberet</span> <span class='ocrx_word' id='word_1_351' title='bbox 1195 3613 1214 3663; x_wconf 83' lang='lat'><em>0</em></span> <span class='ocrx_word' id='word_1_352' title='bbox 1235 3611 1246 3680; x_wconf 93' lang='grc'>44</span> 
     </span>
     <span class='ocr_line' id='line_1_38' title="bbox 170 3680 1244 3749; baseline -0.001 -16"><span class='ocrx_word' id='word_1_353' title='bbox 170 3683 323 3746; x_wconf 84' lang='lat' dir='ltr'>obligantur</span> <span class='ocrx_word' id='word_1_354' title='bbox 345 3685 420 3744; x_wconf 82' lang='grc'>4444,</span> <span class='ocrx_word' id='word_1_355' title='bbox 446 3684 612 3748; x_wconf 83' lang='lat' dir='ltr'>obligaretur</span> <span class='ocrx_word' id='word_1_356' title='bbox 633 3683 652 3734; x_wconf 83' lang='lat' dir='ltr'><strong><em>C</em></strong></span> <span class='ocrx_word' id='word_1_357' title='bbox 675 3682 685 3749; x_wconf 92' lang='grc'>44</span> <span class='ocrx_word' id='word_1_358' title='bbox 707 3688 738 3733; x_wconf 83' lang='grc'>45</span> <span class='ocrx_word' id='word_1_359' title='bbox 757 3685 854 3733; x_wconf 88' lang='lat' dir='ltr'>horum</span> <span class='ocrx_word' id='word_1_360' title='bbox 876 3684 906 3747; x_wconf 83' lang='lat'>0,</span> <span class='ocrx_word' id='word_1_361' title='bbox 931 3696 1025 3733; x_wconf 89' lang='lat' dir='ltr'>eorum</span> <span class='ocrx_word' id='word_1_362' title='bbox 1048 3683 1109 3732; x_wconf 86' lang='lat' dir='ltr'>Inst.</span> <span class='ocrx_word' id='word_1_363' title='bbox 1132 3680 1141 3748; x_wconf 93' lang='grc'>44</span> <span class='ocrx_word' id='word_1_364' title='bbox 1164 3685 1195 3730; x_wconf 83' lang='grc'>46</span> <span class='ocrx_word' id='word_1_365' title='bbox 1214 3695 1244 3732; x_wconf 88' lang='grc'>44</span> 
     </span>
     <span class='ocr_line' id='line_1_39' title="bbox 170 3749 1243 3817; baseline 0.001 -17"><span class='ocrx_word' id='word_1_366' title='bbox 170 3753 242 3816; x_wconf 77' lang='lat' dir='ltr'>inat,</span> <span class='ocrx_word' id='word_1_367' title='bbox 270 3766 317 3802; x_wconf 90' lang='grc'>444</span> <span class='ocrx_word' id='word_1_368' title='bbox 345 3753 364 3803; x_wconf 84' lang='grc'><em>0</em></span> <span class='ocrx_word' id='word_1_369' title='bbox 388 3750 398 3817; x_wconf 92' lang='grc'>44</span> <span class='ocrx_word' id='word_1_370' title='bbox 424 3757 455 3802; x_wconf 84' lang='grc'>44</span> <span class='ocrx_word' id='word_1_371' title='bbox 480 3758 521 3803; x_wconf 88' lang='grc'>444</span> <span class='ocrx_word' id='word_1_372' title='bbox 545 3754 686 3816; x_wconf 82' lang='lat' dir='ltr'>Goescten,</span> <span class='ocrx_word' id='word_1_373' title='bbox 714 3765 773 3802; x_wconf 86' lang='lat' dir='ltr'>esse</span> <span class='ocrx_word' id='word_1_374' title='bbox 795 3751 814 3802; x_wconf 85' lang='lat' dir='ltr'><em>C</em></span> <span class='ocrx_word' id='word_1_375' title='bbox 837 3751 847 3816; x_wconf 92' lang='grc'>44</span> <span class='ocrx_word' id='word_1_376' title='bbox 868 3752 935 3816; x_wconf 89' lang='lat' dir='ltr'>quid</span> <span class='ocrx_word' id='word_1_377' title='bbox 954 3753 1028 3816; x_wconf 83' lang='lat' dir='ltr'>lust,</span> <span class='ocrx_word' id='word_1_378' title='bbox 1056 3753 1103 3814; x_wconf 92' lang='lat' dir='ltr'>qui</span> <span class='ocrx_word' id='word_1_379' title='bbox 1124 3749 1144 3800; x_wconf 87' lang='lat' dir='ltr'><strong><em>C</em></strong></span> <span class='ocrx_word' id='word_1_380' title='bbox 1163 3749 1172 3814; x_wconf 92' lang='grc'>44</span> <span class='ocrx_word' id='word_1_381' title='bbox 1196 3764 1243 3801; x_wconf 88' lang='grc'>444</span> 
     </span>
     <span class='ocr_line' id='line_1_40' title="bbox 170 3817 1244 3886; baseline 0 -18"><span class='ocrx_word' id='word_1_382' title='bbox 170 3821 245 3886; x_wconf 76' lang='lat' dir='ltr'>lest,</span> <span class='ocrx_word' id='word_1_383' title='bbox 269 3835 301 3870; x_wconf 90' lang='lat' dir='ltr'>ec</span> <span class='ocrx_word' id='word_1_384' title='bbox 323 3821 342 3870; x_wconf 85' lang='lat' dir='ltr'><strong><em>C</em></strong></span> <span class='ocrx_word' id='word_1_385' title='bbox 362 3818 372 3886; x_wconf 93' lang='grc'>44</span> <span class='ocrx_word' id='word_1_386' title='bbox 394 3825 425 3870; x_wconf 87' lang='grc'>48</span> <span class='ocrx_word' id='word_1_387' title='bbox 444 3822 584 3886; x_wconf 89' lang='lat' dir='ltr'>soluerint]</span> <span class='ocrx_word' id='word_1_388' title='bbox 606 3821 719 3872; x_wconf 85' lang='lat' dir='ltr'>soluerit</span> <span class='ocrx_word' id='word_1_389' title='bbox 739 3820 758 3870; x_wconf 86' lang='lat' dir='ltr'><em>C</em></span> <span class='ocrx_word' id='word_1_390' title='bbox 777 3818 786 3886; x_wconf 94' lang='grc'>44</span> <span class='ocrx_word' id='word_1_391' title='bbox 808 3820 915 3884; x_wconf 85' lang='lat' dir='ltr'>hebent]</span> <span class='ocrx_word' id='word_1_392' title='bbox 938 3819 1019 3870; x_wconf 88' lang='lat' dir='ltr'>babet</span> <span class='ocrx_word' id='word_1_393' title='bbox 1040 3817 1085 3885; x_wconf 79' lang='grc'>044</span> <span class='ocrx_word' id='word_1_394' title='bbox 1102 3823 1129 3868; x_wconf 79' lang='lat' dir='ltr'>il</span> <span class='ocrx_word' id='word_1_395' title='bbox 1154 3821 1244 3869; x_wconf 91' lang='lat' dir='ltr'>nomi·</span> 
     </span>
     <span class='ocr_line' id='line_1_41' title="bbox 169 3885 1244 3954; baseline 0 -16"><span class='ocrx_word' id='word_1_396' title='bbox 169 3890 249 3940; x_wconf 88' lang='lat' dir='ltr'>nibus</span> <span class='ocrx_word' id='word_1_397' title='bbox 268 3891 392 3954; x_wconf 79' lang='lat' dir='ltr'>Huschke,</span> <span class='ocrx_word' id='word_1_398' title='bbox 411 3891 439 3938; x_wconf 91' lang='lat' dir='ltr'>in</span> <span class='ocrx_word' id='word_1_399' title='bbox 459 3891 536 3942; x_wconf 91' lang='lat' dir='ltr'>nobis</span> <span class='ocrx_word' id='word_1_400' title='bbox 557 3891 599 3954; x_wconf 74' lang='lat'>0¹1,</span> <span class='ocrx_word' id='word_1_401' title='bbox 618 3891 644 3939; x_wconf 92' lang='lat' dir='ltr'>in</span> <span class='ocrx_word' id='word_1_402' title='bbox 664 3889 820 3939; x_wconf 87' lang='lat' dir='ltr'>nominibus</span> <span class='ocrx_word' id='word_1_403' title='bbox 833 3889 973 3939; x_wconf 84' lang='lat' dir='ltr'>Mommsen</span> <span class='ocrx_word' id='word_1_404' title='bbox 990 3885 999 3953; x_wconf 94' lang='grc'>44</span> <span class='ocrx_word' id='word_1_405' title='bbox 1018 3891 1049 3936; x_wconf 72' lang='lat' dir='ltr'>it</span> <span class='ocrx_word' id='word_1_406' title='bbox 1069 3891 1159 3938; x_wconf 88' lang='lat' dir='ltr'>autem</span> <span class='ocrx_word' id='word_1_407' title='bbox 1180 3888 1244 3938; x_wconf 87' lang='lat' dir='ltr'>Goe-</span> 
     </span>
     <span class='ocr_line' id='line_1_42' title="bbox 168 3955 1242 4024; baseline -0.002 -17"><span class='ocrx_word' id='word_1_408' title='bbox 168 3961 252 4022; x_wconf 84' lang='grc'>44444,</span> <span class='ocrx_word' id='word_1_409' title='bbox 270 3972 304 4008; x_wconf 92' lang='lat' dir='ltr'>an</span> <span class='ocrx_word' id='word_1_410' title='bbox 326 3958 345 4008; x_wconf 84' lang='lat' dir='ltr'><strong><em>G</em></strong></span> <span class='ocrx_word' id='word_1_411' title='bbox 360 3955 369 4024; x_wconf 89' lang='grc'>4</span> <span class='ocrx_word' id='word_1_412' title='bbox 385 3962 417 4007; x_wconf 75' lang='grc'>23</span> <span class='ocrx_word' id='word_1_413' title='bbox 430 3972 547 4022; x_wconf 85' lang='lat' dir='ltr'>persona</span> <span class='ocrx_word' id='word_1_414' title='bbox 565 3962 592 4009; x_wconf 89' lang='grc'>44</span> <span class='ocrx_word' id='word_1_415' title='bbox 611 3972 755 4024; x_wconf 88' lang='lat' dir='ltr'>personam</span> <span class='ocrx_word' id='word_1_416' title='bbox 772 3958 907 4022; x_wconf 83' lang='lat' dir='ltr'>Goescten,</span> <span class='ocrx_word' id='word_1_417' title='bbox 924 3970 1042 4022; x_wconf 86' lang='lat' dir='ltr'>prosena</span> <span class='ocrx_word' id='word_1_418' title='bbox 1055 3957 1082 4006; x_wconf 90' lang='lat' dir='ltr'>in</span> <span class='ocrx_word' id='word_1_419' title='bbox 1094 3969 1242 4021; x_wconf 86' lang='lat' dir='ltr'>personum</span> 
     </span>
     <span class='ocr_line' id='line_1_43' title="bbox 172 4023 1242 4095; baseline -0.002 -19"><span class='ocrx_word' id='word_1_420' title='bbox 172 4025 190 4076; x_wconf 85' lang='grc'><em>0</em></span> <span class='ocrx_word' id='word_1_421' title='bbox 211 4023 214 4086; x_wconf 97' lang='grc' dir='ltr'>Ι</span> <span class='ocrx_word' id='word_1_422' title='bbox 233 4029 333 4076; x_wconf 77' lang='lat' dir='ltr'>ea-al</span> <span class='ocrx_word' id='word_1_423' title='bbox 352 4025 386 4093; x_wconf 88' lang='lat'>(&gt;</span> <span class='ocrx_word' id='word_1_424' title='bbox 405 4029 503 4078; x_wconf 83' lang='lat' dir='ltr'>addidit</span> <span class='ocrx_word' id='word_1_425' title='bbox 523 4029 650 4078; x_wconf 84' lang='lat' dir='ltr'>Goescteu</span> <span class='ocrx_word' id='word_1_426' title='bbox 668 4025 678 4095; x_wconf 95' lang='grc'>44</span> <span class='ocrx_word' id='word_1_427' title='bbox 695 4031 726 4076; x_wconf 70' lang='lat' dir='ltr'>il</span> <span class='ocrx_word' id='word_1_428' title='bbox 747 4029 776 4076; x_wconf 92' lang='lat' dir='ltr'>tu</span> <span class='ocrx_word' id='word_1_429' title='bbox 794 4028 923 4091; x_wconf 82' lang='lat' dir='ltr'>Husetlee,</span> <span class='ocrx_word' id='word_1_430' title='bbox 951 4028 978 4076; x_wconf 73' lang='grc'>44</span> <span class='ocrx_word' id='word_1_431' title='bbox 996 4025 1020 4088; x_wconf 87' lang='lat' dir='ltr'>(i.</span> <span class='ocrx_word' id='word_1_432' title='bbox 1040 4039 1060 4074; x_wconf 88' lang='grc'>4.</span> <span class='ocrx_word' id='word_1_433' title='bbox 1076 4039 1126 4087; x_wconf 85' lang='lat' dir='ltr'>pro</span> <span class='ocrx_word' id='word_1_434' title='bbox 1151 4026 1242 4090; x_wconf 82' lang='grc'>44444444</span> 
     </span>
     <span class='ocr_line' id='line_1_44' title="bbox 172 4092 1243 4162; baseline 0.001 -18"><span class='ocrx_word' id='word_1_435' title='bbox 172 4094 191 4144; x_wconf 82' lang='lat'><em>0</em></span> <span class='ocrx_word' id='word_1_436' title='bbox 212 4092 215 4162; x_wconf 98' lang='grc'>4</span> <span class='ocrx_word' id='word_1_437' title='bbox 234 4098 379 4161; x_wconf 88' lang='lat' dir='ltr'>emptionis</span> <span class='ocrx_word' id='word_1_438' title='bbox 397 4110 431 4146; x_wconf 76' lang='lat' dir='ltr'>ece</span> <span class='ocrx_word' id='word_1_439' title='bbox 444 4099 592 4162; x_wconf 85' lang='lat' dir='ltr'>emptiones</span> <span class='ocrx_word' id='word_1_440' title='bbox 613 4101 756 4146; x_wconf 83' lang='lat' dir='ltr'>correctum</span> <span class='ocrx_word' id='word_1_441' title='bbox 771 4092 819 4161; x_wconf 82' lang='grc'>0144</span> <span class='ocrx_word' id='word_1_442' title='bbox 832 4098 932 4146; x_wconf 72' lang='lat' dir='ltr'>eli—25</span> <span class='ocrx_word' id='word_1_443' title='bbox 951 4107 1032 4145; x_wconf 89' lang='lat' dir='ltr'>causa</span> <span class='ocrx_word' id='word_1_444' title='bbox 1046 4097 1092 4144; x_wconf 90' lang='lat' dir='ltr'>aut</span> <span class='ocrx_word' id='word_1_445' title='bbox 1106 4095 1243 4160; x_wconf 74' lang='lat' dir='ltr'>Goeaoleen,</span> 
     </span>
     <span class='ocr_line' id='line_1_45' title="bbox 169 4163 1168 4232; baseline 0.001 -18"><span class='ocrx_word' id='word_1_446' title='bbox 169 4166 211 4214; x_wconf 72' lang='lat' dir='ltr'>ca·</span> <span class='ocrx_word' id='word_1_447' title='bbox 239 4165 271 4230; x_wconf 83' lang='lat' dir='ltr'>G,</span> <span class='ocrx_word' id='word_1_448' title='bbox 296 4165 360 4227; x_wconf 80' lang='grc'>4444.</span> <span class='ocrx_word' id='word_1_449' title='bbox 383 4164 414 4216; x_wconf 69' lang='lat'>0²</span> <span class='ocrx_word' id='word_1_450' title='bbox 428 4178 489 4229; x_wconf 76' lang='grc'>444.</span> <span class='ocrx_word' id='word_1_451' title='bbox 508 4172 557 4220; x_wconf 77' lang='lat'>259</span> <span class='ocrx_word' id='word_1_452' title='bbox 575 4163 585 4232; x_wconf 92' lang='grc'>44</span> <span class='ocrx_word' id='word_1_453' title='bbox 603 4169 633 4214; x_wconf 81' lang='lat'>26</span> <span class='ocrx_word' id='word_1_454' title='bbox 652 4177 798 4230; x_wconf 79' lang='lat' dir='ltr'>personam</span> <span class='ocrx_word' id='word_1_455' title='bbox 819 4165 954 4230; x_wconf 82' lang='lat' dir='ltr'>Goescteu,</span> <span class='ocrx_word' id='word_1_456' title='bbox 972 4176 1120 4229; x_wconf 90' lang='lat' dir='ltr'>personum</span> <span class='ocrx_word' id='word_1_457' title='bbox 1142 4163 1168 4215; x_wconf 85' lang='lat' dir='ltr'>C.</span> 
     </span>
    </p>
   </div>
   <div class='ocr_carea' id='block_1_7' title="bbox 1007 4265 1039 4318">
    <p class='ocr_par' dir='ltr' id='par_1_8' title="bbox 1007 4265 1039 4318">
     <span class='ocr_line' id='line_1_46' title="bbox 1007 4265 1039 4318; baseline 0 -18"><span class='ocrx_word' id='word_1_458' title='bbox 1007 4265 1039 4318; x_wconf 74' lang='lat'>9*</span> 
     </span>
    </p>
   </div>
   <div class='ocr_carea' id='block_1_8' title="bbox 0 0 1600 4868">
    <p class='ocr_par' dir='ltr' id='par_1_9' title="bbox 0 0 1600 4868">
     <span class='ocr_line' id='line_1_47' title="bbox 0 0 1600 4868; baseline 0 5"><span class='ocrx_word' id='word_1_459' title='bbox 0 0 1600 4868; x_wconf 95' lang='lat' dir='ltr'> </span> 
     </span>
    </p>
   </div>
  </div>
 </body>
</html>
