<?xml version="1.0" encoding="UTF-8"?>
<!DOCTYPE html PUBLIC "-//W3C//DTD XHTML 1.0 Transitional//EN"
    "http://www.w3.org/TR/xhtml1/DTD/xhtml1-transitional.dtd">
<html xmlns="http://www.w3.org/1999/xhtml" xml:lang="en" lang="en">
 <head>
  <title>
</title>
<meta http-equiv="Content-Type" content="text/html;charset=utf-8" />
  <meta name='ocr-system' content='tesseract 3.04.00' />
  <meta name='ocr-capabilities' content='ocr_page ocr_carea ocr_par ocr_line ocrx_word'/>
</head>
<body>
  <div class='ocr_page' id='page_1' title='image "./gaiinstitutione00verogoog_0179.png"; bbox 0 0 3094 4860; ppageno 0'>
   <div class='ocr_carea' id='block_1_1' title="bbox 523 411 1225 478">
    <p class='ocr_par' dir='ltr' id='par_1_1' title="bbox 523 411 1225 478">
     <span class='ocr_line' id='line_1_1' title="bbox 523 411 1225 478; baseline 0.013 -20"><span class='ocrx_word' id='word_1_1' title='bbox 523 447 609 458; x_wconf 69' lang='grc'><em>,-</em></span> <span class='ocrx_word' id='word_1_2' title='bbox 655 413 715 478; x_wconf 81' lang='lat'><em>103</em></span> <span class='ocrx_word' id='word_1_3' title='bbox 760 452 842 462; x_wconf 61' lang='lat'>...-</span> <span class='ocrx_word' id='word_1_4' title='bbox 1077 411 1225 478; x_wconf 73' lang='lat' dir='ltr'><em>urse-r</em></span> 
     </span>
    </p>
   </div>
   <div class='ocr_carea' id='block_1_2' title="bbox 121 603 1365 2580">
    <p class='ocr_par' dir='ltr' id='par_1_2' title="bbox 121 603 1365 2580">
     <span class='ocr_line' id='line_1_2' title="bbox 147 603 1227 689; baseline 0.007 -29"><span class='ocrx_word' id='word_1_5' title='bbox 147 607 217 662; x_wconf 90' lang='lat' dir='ltr'><em>nato</em></span> <span class='ocrx_word' id='word_1_6' title='bbox 238 608 407 682; x_wconf 80' lang='lat' dir='ltr'><em>propnatus</em></span> <span class='ocrx_word' id='word_1_7' title='bbox 428 608 630 684; x_wconf 83' lang='lat' dir='ltr'><em>propnetam.</em></span> <span class='ocrx_word' id='word_1_8' title='bbox 676 622 729 666; x_wconf 93' lang='lat' dir='ltr'><em>nec</em></span> <span class='ocrx_word' id='word_1_9' title='bbox 752 606 884 686; x_wconf 89' lang='lat' dir='ltr'><em>interest,</em></span> <span class='ocrx_word' id='word_1_10' title='bbox 907 603 1044 689; x_wconf 86' lang='lat' dir='ltr'><em>&lt;utrum&gt;</em></span> <span class='ocrx_word' id='word_1_11' title='bbox 1066 607 1227 668; x_wconf 74' lang='lat' dir='ltr'><em>naturales</em></span> 
     </span>
     <span class='ocr_line' id='line_1_3' title="bbox 146 684 1227 772; baseline 0.006 -23"><span class='ocrx_word' id='word_1_12' title='bbox 146 684 243 769; x_wconf 77' lang='lat' dir='ltr'><em>(sint)</em></span> <span class='ocrx_word' id='word_1_13' title='bbox 267 686 356 748; x_wconf 90' lang='lat' dir='ltr'><em>liberi</em></span> <span class='ocrx_word' id='word_1_14' title='bbox 378 707 418 748; x_wconf 90' lang='lat' dir='ltr'><em>on</em></span> <span class='ocrx_word' id='word_1_15' title='bbox 441 687 586 769; x_wconf 89' lang='lat' dir='ltr'><em>adoptiui.</em></span> <span class='ocrx_word' id='word_1_16' title='bbox 640 691 684 750; x_wconf 86' lang='lat' dir='ltr'><em>ita</em></span> <span class='ocrx_word' id='word_1_17' title='bbox 713 691 831 752; x_wconf 91' lang='lat' dir='ltr'><em>demum</em></span> <span class='ocrx_word' id='word_1_18' title='bbox 855 699 955 754; x_wconf 90' lang='lat' dir='ltr'><em>tamen</em></span> <span class='ocrx_word' id='word_1_19' title='bbox 977 710 1068 772; x_wconf 89' lang='lat' dir='ltr'><em>nepos</em></span> <span class='ocrx_word' id='word_1_20' title='bbox 1090 695 1227 772; x_wconf 88' lang='lat' dir='ltr'><em>neptisue</em></span> 
     </span>
     <span class='ocr_line' id='line_1_4' title="bbox 146 777 1229 859; baseline 0.006 -25"><span class='ocrx_word' id='word_1_21' title='bbox 146 782 176 835; x_wconf 90' lang='lat' dir='ltr'><em>et</em></span> <span class='ocrx_word' id='word_1_22' title='bbox 199 791 349 854; x_wconf 77' lang='lat' dir='ltr'><em>pronepos</em></span> <span class='ocrx_word' id='word_1_23' title='bbox 373 777 568 854; x_wconf 89' lang='lat' dir='ltr'><em>proneptisne</em></span> <span class='ocrx_word' id='word_1_24' title='bbox 598 794 722 838; x_wconf 91' lang='lat' dir='ltr'><em>suorum</em></span> <span class='ocrx_word' id='word_1_25' title='bbox 751 777 895 838; x_wconf 76' lang='lat' dir='ltr'><em>heredum</em></span> <span class='ocrx_word' id='word_1_26' title='bbox 924 797 1050 840; x_wconf 87' lang='lat' dir='ltr'><em>numero</em></span> <span class='ocrx_word' id='word_1_27' title='bbox 1079 787 1168 859; x_wconf 89' lang='lat' dir='ltr'><em>sunt,</em></span> <span class='ocrx_word' id='word_1_28' title='bbox 1199 781 1229 840; x_wconf 89' lang='lat' dir='ltr'><em>si</em></span> 
     </span>
     <span class='ocr_line' id='line_1_5' title="bbox 147 859 1226 945; baseline 0.004 -24"><span class='ocrx_word' id='word_1_29' title='bbox 147 860 331 940; x_wconf 89' lang='lat' dir='ltr'><em>praecedens</em></span> <span class='ocrx_word' id='word_1_30' title='bbox 352 878 484 938; x_wconf 89' lang='lat' dir='ltr'><em>persona</em></span> <span class='ocrx_word' id='word_1_31' title='bbox 507 859 631 922; x_wconf 77' lang='lat' dir='ltr'><em>desierit</em></span> <span class='ocrx_word' id='word_1_32' title='bbox 651 860 700 945; x_wconf 82' lang='lat' dir='ltr'><em>&lt;in</em></span> <span class='ocrx_word' id='word_1_33' title='bbox 720 871 864 943; x_wconf 78' lang='lat' dir='ltr'><em>potestate</em></span> <span class='ocrx_word' id='word_1_34' title='bbox 884 865 1024 944; x_wconf 91' lang='lat' dir='ltr'><em>parentis</em></span> <span class='ocrx_word' id='word_1_35' title='bbox 1048 882 1127 942; x_wconf 89' lang='lat' dir='ltr'><em>esse,</em></span> <span class='ocrx_word' id='word_1_36' title='bbox 1161 866 1226 926; x_wconf 88' lang='lat' dir='ltr'><em>siue</em></span> 
     </span>
     <span class='ocr_line' id='line_1_6' title="bbox 148 945 1251 1031; baseline 0.005 -24"><span class='ocrx_word' id='word_1_37' title='bbox 148 953 242 1008; x_wconf 91' lang='lat' dir='ltr'><em>morte</em></span> <span class='ocrx_word' id='word_1_38' title='bbox 269 947 300 1008; x_wconf 88' lang='lat' dir='ltr'><em>id</em></span> <span class='ocrx_word' id='word_1_39' title='bbox 323 945 494 1028; x_wconf 65' lang='lat' dir='ltr'><em>acciderit&gt;</em></span> <span class='ocrx_word' id='word_1_40' title='bbox 517 949 583 1008; x_wconf 88' lang='lat' dir='ltr'><em>siue</em></span> <span class='ocrx_word' id='word_1_41' title='bbox 605 948 669 1010; x_wconf 85' lang='lat' dir='ltr'><em>aiio</em></span> <span class='ocrx_word' id='word_1_42' title='bbox 691 951 823 1031; x_wconf 87' lang='lat' dir='ltr'><em>ratione,</em></span> <span class='ocrx_word' id='word_1_43' title='bbox 853 951 950 1012; x_wconf 90' lang='lat' dir='ltr'><em>ueluti</em></span> <span class='ocrx_word' id='word_1_44' title='bbox 977 951 1251 1030; x_wconf 74' lang='lat' dir='ltr'><em>emancipationes</em></span> 
     </span>
     <span class='ocr_line' id='line_1_7' title="bbox 147 1033 1227 1117; baseline 0.004 -23"><span class='ocrx_word' id='word_1_45' title='bbox 147 1051 219 1094; x_wconf 89' lang='lat' dir='ltr'><em>nam</em></span> <span class='ocrx_word' id='word_1_46' title='bbox 243 1033 347 1114; x_wconf 91' lang='lat' dir='ltr'><em>siper</em></span> <span class='ocrx_word' id='word_1_47' title='bbox 369 1033 401 1095; x_wconf 92' lang='lat' dir='ltr'><em>id</em></span> <span class='ocrx_word' id='word_1_48' title='bbox 423 1041 538 1113; x_wconf 89' lang='lat' dir='ltr'><em>tempus</em></span> <span class='ocrx_word' id='word_1_49' title='bbox 560 1051 615 1114; x_wconf 82' lang='lat' dir='ltr'><em>quo</em></span> <span class='ocrx_word' id='word_1_50' title='bbox 638 1036 763 1116; x_wconf 83' lang='lat' dir='ltr'><em>quisque</em></span> <span class='ocrx_word' id='word_1_51' title='bbox 785 1039 916 1098; x_wconf 92' lang='lat' dir='ltr'><em>moritur</em></span> <span class='ocrx_word' id='word_1_52' title='bbox 934 1037 1018 1117; x_wconf 77' lang='lat' dir='ltr'><em>fitius</em></span> <span class='ocrx_word' id='word_1_53' title='bbox 1038 1041 1070 1098; x_wconf 91' lang='lat' dir='ltr'><em>in</em></span> <span class='ocrx_word' id='word_1_54' title='bbox 1082 1044 1227 1117; x_wconf 87' lang='lat' dir='ltr'><em>potestate</em></span> 
     </span>
     <span class='ocr_line' id='line_1_8' title="bbox 148 1120 1229 1203; baseline 0.004 -23"><span class='ocrx_word' id='word_1_55' title='bbox 148 1121 213 1180; x_wconf 87' lang='lat' dir='ltr'><em>eius</em></span> <span class='ocrx_word' id='word_1_56' title='bbox 244 1120 299 1199; x_wconf 89' lang='lat' dir='ltr'><em>sit,</em></span> <span class='ocrx_word' id='word_1_57' title='bbox 332 1137 423 1200; x_wconf 90' lang='lat' dir='ltr'><em>nepos</em></span> <span class='ocrx_word' id='word_1_58' title='bbox 454 1137 495 1180; x_wconf 85' lang='lat' dir='ltr'><em>eoo</em></span> <span class='ocrx_word' id='word_1_59' title='bbox 522 1137 553 1180; x_wconf 89' lang='lat' dir='ltr'><em>eo</em></span> <span class='ocrx_word' id='word_1_60' title='bbox 576 1138 652 1182; x_wconf 87' lang='lat' dir='ltr'><em>suus</em></span> <span class='ocrx_word' id='word_1_61' title='bbox 675 1120 761 1183; x_wconf 83' lang='lat' dir='ltr'><em>lieres</em></span> <span class='ocrx_word' id='word_1_62' title='bbox 784 1141 848 1185; x_wconf 90' lang='lat' dir='ltr'><em>esse</em></span> <span class='ocrx_word' id='word_1_63' title='bbox 869 1142 930 1183; x_wconf 93' lang='lat' dir='ltr'><em>non</em></span> <span class='ocrx_word' id='word_1_64' title='bbox 948 1131 1054 1203; x_wconf 91' lang='lat' dir='ltr'><em>potest.</em></span> <span class='ocrx_word' id='word_1_65' title='bbox 1101 1123 1178 1185; x_wconf 88' lang='lat' dir='ltr'><em>idem</em></span> <span class='ocrx_word' id='word_1_66' title='bbox 1201 1130 1229 1184; x_wconf 93' lang='lat' dir='ltr'><em>et</em></span> 
     </span>
     <span class='ocr_line' id='line_1_9' title="bbox 149 1203 1226 1291; baseline 0.005 -26"><span class='ocrx_word' id='word_1_67' title='bbox 149 1207 181 1266; x_wconf 91' lang='lat' dir='ltr'><em>in</em></span> <span class='ocrx_word' id='word_1_68' title='bbox 212 1207 318 1275; x_wconf 86' lang='lat' dir='ltr'><em>ceteris</em></span> <span class='ocrx_word' id='word_1_69' title='bbox 348 1203 487 1286; x_wconf 80' lang='lat' dir='ltr'><em>deinceps</em></span> <span class='ocrx_word' id='word_1_70' title='bbox 519 1205 683 1268; x_wconf 88' lang='lat' dir='ltr'><em>liberorum</em></span> <span class='ocrx_word' id='word_1_71' title='bbox 708 1211 849 1288; x_wconf 90' lang='lat' dir='ltr'><em>personis</em></span> <span class='ocrx_word' id='word_1_72' title='bbox 879 1209 991 1270; x_wconf 91' lang='lat' dir='ltr'><em>dictum</em></span> <span class='ocrx_word' id='word_1_73' title='bbox 1013 1209 1226 1291; x_wconf 79' lang='lat' dir='ltr'><em>intellepemus.</em></span> 
     </span>
     <span class='ocr_line' id='line_1_10' title="bbox 121 1284 1228 1378; baseline 0.002 -24"><span class='ocrx_word' id='word_1_74' title='bbox 121 1284 139 1343; x_wconf 88' lang='lat'><strong>3</strong></span> <span class='ocrx_word' id='word_1_75' title='bbox 155 1295 238 1354; x_wconf 81' lang='lat' dir='ltr'><em>Vmor</em></span> <span class='ocrx_word' id='word_1_76' title='bbox 253 1308 365 1372; x_wconf 82' lang='lat' dir='ltr'><em>quoqne</em></span> <span class='ocrx_word' id='word_1_77' title='bbox 380 1310 458 1372; x_wconf 84' lang='lat' dir='ltr'><em>quae</em></span> <span class='ocrx_word' id='word_1_78' title='bbox 473 1293 505 1352; x_wconf 91' lang='lat' dir='ltr'><em>in</em></span> <span class='ocrx_word' id='word_1_79' title='bbox 520 1311 615 1353; x_wconf 92' lang='lat' dir='ltr'><em>manu</em></span> <span class='ocrx_word' id='word_1_80' title='bbox 629 1295 696 1354; x_wconf 90' lang='lat' dir='ltr'><em>uiri</em></span> <span class='ocrx_word' id='word_1_81' title='bbox 709 1303 753 1356; x_wconf 90' lang='lat' dir='ltr'><em>est</em></span> <span class='ocrx_word' id='word_1_82' title='bbox 768 1297 796 1356; x_wconf 90' lang='lat' dir='ltr'><em>ei</em></span> <span class='ocrx_word' id='word_1_83' title='bbox 810 1314 868 1357; x_wconf 91' lang='lat' dir='ltr'><em>sno</em></span> <span class='ocrx_word' id='word_1_84' title='bbox 882 1295 969 1356; x_wconf 83' lang='lat' dir='ltr'><em>lieres</em></span> <span class='ocrx_word' id='word_1_85' title='bbox 985 1304 1045 1376; x_wconf 89' lang='lat' dir='ltr'><em>est,</em></span> <span class='ocrx_word' id='word_1_86' title='bbox 1061 1297 1228 1378; x_wconf 73' lang='lat' dir='ltr'><em>putatitiae</em></span> 
     </span>
     <span class='ocr_line' id='line_1_11' title="bbox 150 1379 1268 1460; baseline 0.003 -21"><span class='ocrx_word' id='word_1_87' title='bbox 150 1379 210 1440; x_wconf 90' lang='lat' dir='ltr'><em>ioco</em></span> <span class='ocrx_word' id='word_1_88' title='bbox 233 1385 285 1439; x_wconf 90' lang='lat' dir='ltr'><em>est.</em></span> <span class='ocrx_word' id='word_1_89' title='bbox 330 1379 399 1440; x_wconf 90' lang='lat' dir='ltr'><em>item</em></span> <span class='ocrx_word' id='word_1_90' title='bbox 428 1396 527 1439; x_wconf 91' lang='lat' dir='ltr'><em>nurus</em></span> <span class='ocrx_word' id='word_1_91' title='bbox 557 1397 635 1460; x_wconf 87' lang='lat' dir='ltr'><em>quae</em></span> <span class='ocrx_word' id='word_1_92' title='bbox 656 1381 689 1441; x_wconf 90' lang='lat' dir='ltr'><em>in</em></span> <span class='ocrx_word' id='word_1_93' title='bbox 708 1381 767 1460; x_wconf 81' lang='lat' dir='ltr'><em>filii</em></span> <span class='ocrx_word' id='word_1_94' title='bbox 787 1401 882 1443; x_wconf 92' lang='lat' dir='ltr'><em>manu</em></span> <span class='ocrx_word' id='word_1_95' title='bbox 905 1389 962 1455; x_wconf 90' lang='lat' dir='ltr'><em>est,</em></span> <span class='ocrx_word' id='word_1_96' title='bbox 994 1400 1068 1443; x_wconf 92' lang='lat' dir='ltr'><em>nom</em></span> <span class='ocrx_word' id='word_1_97' title='bbox 1100 1389 1127 1443; x_wconf 92' lang='lat' dir='ltr'><em>et</em></span> <span class='ocrx_word' id='word_1_98' title='bbox 1153 1381 1268 1444; x_wconf 80' lang='lat' dir='ltr'><em>nuccio</em></span> 
     </span>
     <span class='ocr_line' id='line_1_12' title="bbox 149 1464 1225 1550; baseline 0.006 -26"><span class='ocrx_word' id='word_1_99' title='bbox 149 1465 245 1544; x_wconf 89' lang='lat' dir='ltr'><em>neptis</em></span> <span class='ocrx_word' id='word_1_100' title='bbox 275 1464 335 1525; x_wconf 90' lang='lat' dir='ltr'><em>loco</em></span> <span class='ocrx_word' id='word_1_101' title='bbox 364 1471 416 1526; x_wconf 90' lang='lat' dir='ltr'><em>ost.</em></span> <span class='ocrx_word' id='word_1_102' title='bbox 462 1464 514 1526; x_wconf 93' lang='lat' dir='ltr'><em>sed</em></span> <span class='ocrx_word' id='word_1_103' title='bbox 537 1466 580 1526; x_wconf 91' lang='lat' dir='ltr'><em>ita</em></span> <span class='ocrx_word' id='word_1_104' title='bbox 602 1465 721 1526; x_wconf 90' lang='lat' dir='ltr'><em>demum</em></span> <span class='ocrx_word' id='word_1_105' title='bbox 744 1469 802 1529; x_wconf 91' lang='lat' dir='ltr'><em>erit</em></span> <span class='ocrx_word' id='word_1_106' title='bbox 827 1485 886 1529; x_wconf 93' lang='lat' dir='ltr'><em>suo</em></span> <span class='ocrx_word' id='word_1_107' title='bbox 912 1467 1018 1549; x_wconf 82' lang='lat' dir='ltr'><em>lieres,</em></span> <span class='ocrx_word' id='word_1_108' title='bbox 1051 1464 1111 1550; x_wconf 85' lang='lat' dir='ltr'><em>&lt;si&gt;</em></span> <span class='ocrx_word' id='word_1_109' title='bbox 1132 1469 1225 1548; x_wconf 72' lang='lat' dir='ltr'><em>filius,</em></span> 
     </span>
     <span class='ocr_line' id='line_1_13' title="bbox 150 1549 1227 1634; baseline 0.003 -22"><span class='ocrx_word' id='word_1_110' title='bbox 150 1551 235 1612; x_wconf 90' lang='lat' dir='ltr'><em>cuius</em></span> <span class='ocrx_word' id='word_1_111' title='bbox 258 1551 290 1611; x_wconf 93' lang='lat' dir='ltr'><em>in</em></span> <span class='ocrx_word' id='word_1_112' title='bbox 313 1569 409 1612; x_wconf 88' lang='lat' dir='ltr'><em>manu</em></span> <span class='ocrx_word' id='word_1_113' title='bbox 428 1549 537 1630; x_wconf 80' lang='lat' dir='ltr'><em>fuerit,</em></span> <span class='ocrx_word' id='word_1_114' title='bbox 571 1569 638 1612; x_wconf 91' lang='lat' dir='ltr'><em>cum</em></span> <span class='ocrx_word' id='word_1_115' title='bbox 663 1560 752 1632; x_wconf 90' lang='lat' dir='ltr'><em>pater</em></span> <span class='ocrx_word' id='word_1_116' title='bbox 774 1555 918 1630; x_wconf 88' lang='lat' dir='ltr'><em>moritur,</em></span> <span class='ocrx_word' id='word_1_117' title='bbox 943 1556 974 1614; x_wconf 92' lang='lat' dir='ltr'><em>in</em></span> <span class='ocrx_word' id='word_1_118' title='bbox 994 1561 1139 1634; x_wconf 86' lang='lat' dir='ltr'><em>potestate</em></span> <span class='ocrx_word' id='word_1_119' title='bbox 1162 1555 1227 1616; x_wconf 89' lang='lat' dir='ltr'><em>eius</em></span> 
     </span>
     <span class='ocr_line' id='line_1_14' title="bbox 150 1636 1227 1720; baseline 0.004 -24"><span class='ocrx_word' id='word_1_120' title='bbox 150 1655 209 1696; x_wconf 94' lang='lat' dir='ltr'><em>non</em></span> <span class='ocrx_word' id='word_1_121' title='bbox 232 1637 279 1698; x_wconf 90' lang='lat' dir='ltr'><em>sit.</em></span> <span class='ocrx_word' id='word_1_122' title='bbox 332 1637 467 1717; x_wconf 84' lang='lat' dir='ltr'><em>idemque</em></span> <span class='ocrx_word' id='word_1_123' title='bbox 499 1636 630 1698; x_wconf 86' lang='lat' dir='ltr'><em>dicemus</em></span> <span class='ocrx_word' id='word_1_124' title='bbox 660 1645 687 1699; x_wconf 92' lang='lat' dir='ltr'><em>et</em></span> <span class='ocrx_word' id='word_1_125' title='bbox 714 1639 750 1700; x_wconf 94' lang='lat' dir='ltr'><em>de</em></span> <span class='ocrx_word' id='word_1_126' title='bbox 777 1658 813 1701; x_wconf 93' lang='lat' dir='ltr'><em>ea</em></span> <span class='ocrx_word' id='word_1_127' title='bbox 842 1659 919 1720; x_wconf 84' lang='lat' dir='ltr'><em>quae</em></span> <span class='ocrx_word' id='word_1_128' title='bbox 941 1642 974 1700; x_wconf 92' lang='lat' dir='ltr'><em>in</em></span> <span class='ocrx_word' id='word_1_129' title='bbox 995 1643 1110 1720; x_wconf 92' lang='lat' dir='ltr'><em>nepotis</em></span> <span class='ocrx_word' id='word_1_130' title='bbox 1133 1659 1227 1700; x_wconf 91' lang='lat' dir='ltr'><em>manu</em></span> 
     </span>
     <span class='ocr_line' id='line_1_15' title="bbox 123 1715 1227 1806; baseline 0.003 -23"><span class='ocrx_word' id='word_1_131' title='bbox 123 1715 338 1784; x_wconf 80' lang='lat' dir='ltr'><em>inotrtuonii</em></span> <span class='ocrx_word' id='word_1_132' title='bbox 358 1741 454 1784; x_wconf 90' lang='lat' dir='ltr'><em>eausa</em></span> <span class='ocrx_word' id='word_1_133' title='bbox 475 1725 523 1803; x_wconf 90' lang='lat' dir='ltr'><em>sit,</em></span> <span class='ocrx_word' id='word_1_134' title='bbox 548 1725 622 1804; x_wconf 87' lang='lat' dir='ltr'><em>quia</em></span> <span class='ocrx_word' id='word_1_135' title='bbox 640 1727 796 1804; x_wconf 90' lang='lat' dir='ltr'><em>proneptis</em></span> <span class='ocrx_word' id='word_1_136' title='bbox 819 1727 882 1788; x_wconf 86' lang='lat' dir='ltr'><em>loco</em></span> <span class='ocrx_word' id='word_1_137' title='bbox 906 1733 957 1788; x_wconf 90' lang='lat' dir='ltr'><em>cst.</em></span> <span class='ocrx_word' id='word_1_138' title='bbox 1007 1727 1140 1787; x_wconf 90' lang='lat' dir='ltr'><em>Postumi</em></span> <span class='ocrx_word' id='word_1_139' title='bbox 1152 1745 1227 1806; x_wconf 84' lang='lat' dir='ltr'><em>quo-</em></span> 
     </span>
     <span class='ocr_line' id='line_1_16' title="bbox 150 1804 1269 1892; baseline 0.003 -23"><span class='ocrx_word' id='word_1_140' title='bbox 150 1827 216 1890; x_wconf 86' lang='lat' dir='ltr'><em>que,</em></span> <span class='ocrx_word' id='word_1_141' title='bbox 240 1804 324 1890; x_wconf 82' lang='lat' dir='ltr'><em>(qui)</em></span> <span class='ocrx_word' id='word_1_142' title='bbox 348 1810 377 1870; x_wconf 91' lang='lat' dir='ltr'><em>si</em></span> <span class='ocrx_word' id='word_1_143' title='bbox 396 1811 469 1869; x_wconf 92' lang='lat' dir='ltr'><em>uiuo</em></span> <span class='ocrx_word' id='word_1_144' title='bbox 490 1817 617 1888; x_wconf 90' lang='lat' dir='ltr'><em>parente</em></span> <span class='ocrx_word' id='word_1_145' title='bbox 638 1812 706 1871; x_wconf 91' lang='lat' dir='ltr'><em>nati</em></span> <span class='ocrx_word' id='word_1_146' title='bbox 726 1820 839 1892; x_wconf 91' lang='lat' dir='ltr'><em>essent,</em></span> <span class='ocrx_word' id='word_1_147' title='bbox 871 1815 903 1874; x_wconf 93' lang='lat' dir='ltr'><em>in</em></span> <span class='ocrx_word' id='word_1_148' title='bbox 922 1819 1069 1892; x_wconf 92' lang='lat' dir='ltr'><em>potestate</em></span> <span class='ocrx_word' id='word_1_149' title='bbox 1091 1814 1156 1873; x_wconf 88' lang='lat' dir='ltr'><em>eius</em></span> <span class='ocrx_word' id='word_1_150' title='bbox 1176 1811 1269 1892; x_wconf 82' lang='lat' dir='ltr'><em>su-ie</em></span> 
     </span>
     <span class='ocr_line' id='line_1_17' title="bbox 123 1887 1229 1980; baseline 0.003 -24"><span class='ocrx_word' id='word_1_151' title='bbox 123 1887 215 1956; x_wconf 69' lang='lat' dir='ltr'><em>irari</em></span> <span class='ocrx_word' id='word_1_152' title='bbox 232 1893 342 1974; x_wconf 81' lang='lat' dir='ltr'><em>forent,</em></span> <span class='ocrx_word' id='word_1_153' title='bbox 366 1897 418 1956; x_wconf 93' lang='lat' dir='ltr'><em>sui</em></span> <span class='ocrx_word' id='word_1_154' title='bbox 437 1895 560 1956; x_wconf 77' lang='lat' dir='ltr'><em>heredes</em></span> <span class='ocrx_word' id='word_1_155' title='bbox 582 1903 662 1956; x_wconf 91' lang='lat' dir='ltr'><em>sunt.</em></span> <span class='ocrx_word' id='word_1_156' title='bbox 707 1897 791 1958; x_wconf 90' lang='lat' dir='ltr'><em>Idem</em></span> <span class='ocrx_word' id='word_1_157' title='bbox 813 1900 892 1959; x_wconf 88' lang='lat' dir='ltr'><em>iuris</em></span> <span class='ocrx_word' id='word_1_158' title='bbox 908 1907 952 1960; x_wconf 93' lang='lat' dir='ltr'><em>est</em></span> <span class='ocrx_word' id='word_1_159' title='bbox 966 1899 1001 1959; x_wconf 90' lang='lat' dir='ltr'><em>de</em></span> <span class='ocrx_word' id='word_1_160' title='bbox 1020 1897 1077 1978; x_wconf 81' lang='lat' dir='ltr'><em>liis,</em></span> <span class='ocrx_word' id='word_1_161' title='bbox 1101 1917 1229 1980; x_wconf 83' lang='lat' dir='ltr'><em>quorum</em></span> 
     </span>
     <span class='ocr_line' id='line_1_18' title="bbox 150 1977 1231 2069; baseline 0.005 -28"><span class='ocrx_word' id='word_1_162' title='bbox 150 1983 270 2042; x_wconf 90' lang='lat' dir='ltr'><em>nomine</em></span> <span class='ocrx_word' id='word_1_163' title='bbox 300 1999 342 2042; x_wconf 86' lang='lat' dir='ltr'><em>eoa</em></span> <span class='ocrx_word' id='word_1_164' title='bbox 374 1981 435 2062; x_wconf 81' lang='lat' dir='ltr'><em>tepe</em></span> <span class='ocrx_word' id='word_1_165' title='bbox 457 1977 542 2042; x_wconf 82' lang='lat' dir='ltr'><em>Aelia</em></span> <span class='ocrx_word' id='word_1_166' title='bbox 565 1981 672 2043; x_wconf 87' lang='lat' dir='ltr'><em>Sentio</em></span> <span class='ocrx_word' id='word_1_167' title='bbox 699 1983 749 2044; x_wconf 90' lang='lat' dir='ltr'><em>uel</em></span> <span class='ocrx_word' id='word_1_168' title='bbox 775 2003 817 2046; x_wconf 81' lang='lat' dir='ltr'><em>en</em></span> <span class='ocrx_word' id='word_1_169' title='bbox 844 1985 1103 2046; x_wconf 88' lang='lat' dir='ltr'><em>senatusconsulto</em></span> <span class='ocrx_word' id='word_1_170' title='bbox 1134 1992 1201 2064; x_wconf 91' lang='lat' dir='ltr'><em>post</em></span> <span class='ocrx_word' id='word_1_171' title='bbox 1221 1979 1231 2069; x_wconf 72' lang='grc'><em>44</em></span> 
     </span>
     <span class='ocr_line' id='line_1_19' title="bbox 151 2067 1365 2151; baseline 0.002 -23"><span class='ocrx_word' id='word_1_172' title='bbox 151 2074 283 2128; x_wconf 87' lang='lat' dir='ltr'><em>mortem</em></span> <span class='ocrx_word' id='word_1_173' title='bbox 306 2071 403 2146; x_wconf 87' lang='lat' dir='ltr'><em>petris</em></span> <span class='ocrx_word' id='word_1_174' title='bbox 427 2086 522 2129; x_wconf 89' lang='lat' dir='ltr'><em>causa</em></span> <span class='ocrx_word' id='word_1_175' title='bbox 545 2067 706 2147; x_wconf 84' lang='lat' dir='ltr'><em>probatur.</em></span> <span class='ocrx_word' id='word_1_176' title='bbox 736 2089 809 2131; x_wconf 89' lang='lat' dir='ltr'><em>nam</em></span> <span class='ocrx_word' id='word_1_177' title='bbox 833 2079 863 2131; x_wconf 92' lang='lat' dir='ltr'><em>et</em></span> <span class='ocrx_word' id='word_1_178' title='bbox 885 2072 917 2132; x_wconf 92' lang='lat' dir='ltr'><em>hi</em></span> <span class='ocrx_word' id='word_1_179' title='bbox 939 2073 1014 2131; x_wconf 89' lang='lat' dir='ltr'><em>uiuo</em></span> <span class='ocrx_word' id='word_1_180' title='bbox 1030 2078 1119 2151; x_wconf 85' lang='lat' dir='ltr'><em>patre</em></span> <span class='ocrx_word' id='word_1_181' title='bbox 1135 2089 1297 2146; x_wconf 78' lang='lat' dir='ltr'><em>causapeg.</em></span> <span class='ocrx_word' id='word_1_182' title='bbox 1311 2083 1365 2132; x_wconf 83' lang='grc'><em>427</em></span> 
     </span>
     <span class='ocr_line' id='line_1_20' title="bbox 123 2145 1228 2234; baseline 0.005 -20"><span class='ocrx_word' id='word_1_183' title='bbox 123 2145 283 2234; x_wconf 55' lang='lat' dir='ltr'><em>&amp;probata</em></span> <span class='ocrx_word' id='word_1_184' title='bbox 309 2155 341 2214; x_wconf 92' lang='lat' dir='ltr'><em>in</em></span> <span class='ocrx_word' id='word_1_185' title='bbox 369 2161 522 2234; x_wconf 84' lang='lat' dir='ltr'><em>potestate</em></span> <span class='ocrx_word' id='word_1_186' title='bbox 552 2157 619 2215; x_wconf 92' lang='lat' dir='ltr'><em>eius</em></span> <span class='ocrx_word' id='word_1_187' title='bbox 648 2155 746 2216; x_wconf 84' lang='lat' dir='ltr'><em>futuri</em></span> <span class='ocrx_word' id='word_1_188' title='bbox 774 2163 888 2218; x_wconf 85' lang='lat' dir='ltr'><em>essent.</em></span> <span class='ocrx_word' id='word_1_189' title='bbox 935 2157 1025 2230; x_wconf 91' lang='lat' dir='ltr'><em>Quod</em></span> <span class='ocrx_word' id='word_1_190' title='bbox 1061 2160 1154 2218; x_wconf 90' lang='lat' dir='ltr'><em>etiam</em></span> <span class='ocrx_word' id='word_1_191' title='bbox 1188 2157 1228 2219; x_wconf 91' lang='lat' dir='ltr'><em>de</em></span> 
     </span>
     <span class='ocr_line' id='line_1_21' title="bbox 152 2240 1270 2322; baseline 0.001 -21"><span class='ocrx_word' id='word_1_192' title='bbox 152 2259 187 2301; x_wconf 93' lang='lat' dir='ltr'><em>eo</em></span> <span class='ocrx_word' id='word_1_193' title='bbox 203 2240 278 2319; x_wconf 90' lang='lat' dir='ltr'><em>filio,</em></span> <span class='ocrx_word' id='word_1_194' title='bbox 303 2241 357 2320; x_wconf 92' lang='lat' dir='ltr'><em>qui</em></span> <span class='ocrx_word' id='word_1_195' title='bbox 381 2260 420 2302; x_wconf 85' lang='lat' dir='ltr'><em>ex</em></span> <span class='ocrx_word' id='word_1_196' title='bbox 441 2242 542 2320; x_wconf 91' lang='lat' dir='ltr'><em>prima</em></span> <span class='ocrx_word' id='word_1_197' title='bbox 565 2241 745 2302; x_wconf 86' lang='lat' dir='ltr'><em>seeundaue</em></span> <span class='ocrx_word' id='word_1_198' title='bbox 768 2244 992 2322; x_wconf 82' lang='lat' dir='ltr'><em>mancipatione</em></span> <span class='ocrx_word' id='word_1_199' title='bbox 1007 2251 1079 2322; x_wconf 90' lang='lat' dir='ltr'><em>post</em></span> <span class='ocrx_word' id='word_1_200' title='bbox 1097 2251 1270 2304; x_wconf 75' lang='lat' dir='ltr'><em>mortemne</em></span> 
     </span>
     <span class='ocr_line' id='line_1_22' title="bbox 123 2313 1229 2409; baseline 0.004 -23"><span class='ocrx_word' id='word_1_201' title='bbox 123 2313 245 2406; x_wconf 74' lang='lat' dir='ltr'><em>ipatus</em></span> <span class='ocrx_word' id='word_1_202' title='bbox 268 2329 505 2406; x_wconf 87' lang='lat' dir='ltr'><em>manumittitur,</em></span> <span class='ocrx_word' id='word_1_203' title='bbox 528 2327 760 2408; x_wconf 79' lang='lat' dir='ltr'><em>intellegemus.</em></span> <span class='ocrx_word' id='word_1_204' title='bbox 803 2330 901 2409; x_wconf 84' lang='lat' dir='ltr'><em>lgitur</em></span> <span class='ocrx_word' id='word_1_205' title='bbox 923 2348 994 2390; x_wconf 92' lang='lat' dir='ltr'><em>cum</em></span> <span class='ocrx_word' id='word_1_206' title='bbox 1017 2328 1101 2390; x_wconf 89' lang='lat' dir='ltr'><em>lilius</em></span> <span class='ocrx_word' id='word_1_207' title='bbox 1125 2329 1229 2390; x_wconf 88' lang='lat' dir='ltr'><em>filiaue</em></span> 
     </span>
     <span class='ocr_line' id='line_1_23' title="bbox 152 2411 1231 2495; baseline 0.002 -22"><span class='ocrx_word' id='word_1_208' title='bbox 152 2419 181 2473; x_wconf 91' lang='lat' dir='ltr'><em>et</em></span> <span class='ocrx_word' id='word_1_209' title='bbox 203 2431 243 2474; x_wconf 87' lang='lat' dir='ltr'><em>ex</em></span> <span class='ocrx_word' id='word_1_210' title='bbox 266 2411 364 2472; x_wconf 90' lang='lat' dir='ltr'><em>altero</em></span> <span class='ocrx_word' id='word_1_211' title='bbox 388 2412 451 2473; x_wconf 89' lang='lat' dir='ltr'><em>filio</em></span> <span class='ocrx_word' id='word_1_212' title='bbox 474 2420 604 2492; x_wconf 86' lang='lat' dir='ltr'><em>nepotes</em></span> <span class='ocrx_word' id='word_1_213' title='bbox 628 2421 781 2492; x_wconf 87' lang='lat' dir='ltr'><em>neptesue</em></span> <span class='ocrx_word' id='word_1_214' title='bbox 805 2422 920 2493; x_wconf 82' lang='lat' dir='ltr'><em>extant,</em></span> <span class='ocrx_word' id='word_1_215' title='bbox 943 2415 1061 2495; x_wconf 86' lang='lat' dir='ltr'><em>pariter</em></span> <span class='ocrx_word' id='word_1_216' title='bbox 1083 2415 1121 2475; x_wconf 90' lang='lat' dir='ltr'><em>ad</em></span> <span class='ocrx_word' id='word_1_217' title='bbox 1138 2415 1231 2475; x_wconf 88' lang='lat' dir='ltr'><em>here·</em></span> 
     </span>
     <span class='ocr_line' id='line_1_24' title="bbox 152 2498 1230 2580; baseline 0.003 -22"><span class='ocrx_word' id='word_1_218' title='bbox 152 2498 278 2560; x_wconf 85' lang='lat' dir='ltr'><em>ditatam</em></span> <span class='ocrx_word' id='word_1_219' title='bbox 302 2505 471 2575; x_wconf 89' lang='lat' dir='ltr'><em>uocantur;</em></span> <span class='ocrx_word' id='word_1_220' title='bbox 495 2517 554 2560; x_wconf 89' lang='lat' dir='ltr'><em>nec</em></span> <span class='ocrx_word' id='word_1_221' title='bbox 577 2501 631 2580; x_wconf 91' lang='lat' dir='ltr'><em>qui</em></span> <span class='ocrx_word' id='word_1_222' title='bbox 654 2499 756 2580; x_wconf 82' lang='lat' dir='ltr'><em>gradu</em></span> <span class='ocrx_word' id='word_1_223' title='bbox 778 2502 948 2580; x_wconf 82' lang='lat' dir='ltr'><em>proximior</em></span> <span class='ocrx_word' id='word_1_224' title='bbox 967 2507 1023 2578; x_wconf 90' lang='lat' dir='ltr'><em>est,</em></span> <span class='ocrx_word' id='word_1_225' title='bbox 1046 2499 1230 2561; x_wconf 87' lang='lat' dir='ltr'><em>ulteriorem</em></span> 
     </span>
    </p>
   </div>
   <div class='ocr_carea' id='block_1_3' title="bbox 152 2652 611 2666">
    <p class='ocr_par' dir='ltr' id='par_1_3' title="bbox 152 2652 611 2666">
     <span class='ocr_line' id='line_1_25' title="bbox 152 2652 611 2666; baseline 0 0"><span class='ocrx_word' id='word_1_226' title='bbox 152 2652 611 2666; x_wconf 56' lang='lat' dir='ltr'><em>VWNVWWAIWVNNVWWNMNJ</em></span> 
     </span>
    </p>
   </div>
   <div class='ocr_carea' id='block_1_4' title="bbox 151 2715 1229 2854">
    <p class='ocr_par' dir='ltr' id='par_1_4' title="bbox 151 2715 1229 2854">
     <span class='ocr_line' id='line_1_26' title="bbox 219 2715 1229 2788; baseline 0.002 -18"><span class='ocrx_word' id='word_1_227' title='bbox 219 2722 250 2783; x_wconf 64' lang='lat'><em>§5</em></span> <span class='ocrx_word' id='word_1_228' title='bbox 269 2724 335 2770; x_wconf 83' lang='grc'><em>2-4</em></span> <span class='ocrx_word' id='word_1_229' title='bbox 355 2741 387 2764; x_wconf 90' lang='lat'>=</span> <span class='ocrx_word' id='word_1_230' title='bbox 406 2721 519 2772; x_wconf 82' lang='lat' dir='ltr'><em>Collatia</em></span> <span class='ocrx_word' id='word_1_231' title='bbox 539 2725 583 2785; x_wconf 82' lang='grc'><em>44,</em></span> <span class='ocrx_word' id='word_1_232' title='bbox 603 2725 618 2770; x_wconf 90' lang='grc'><strong>2</strong></span> <span class='ocrx_word' id='word_1_233' title='bbox 638 2719 649 2788; x_wconf 73' lang='grc' dir='ltr'><em>ΙΙ</em></span> <span class='ocrx_word' id='word_1_234' title='bbox 670 2722 685 2784; x_wconf 68' lang='grc' dir='ltr'><strong>ξ</strong></span> <span class='ocrx_word' id='word_1_235' title='bbox 705 2724 718 2770; x_wconf 86' lang='grc'><em>4</em></span> <span class='ocrx_word' id='word_1_236' title='bbox 739 2742 770 2764; x_wconf 83' lang='lat'>=</span> <span class='ocrx_word' id='word_1_237' title='bbox 789 2723 853 2772; x_wconf 87' lang='lat' dir='ltr'><em>lnst.</em></span> <span class='ocrx_word' id='word_1_238' title='bbox 873 2725 900 2786; x_wconf 84' lang='lat' dir='ltr'><em>a,</em></span> <span class='ocrx_word' id='word_1_239' title='bbox 920 2725 943 2786; x_wconf 91' lang='lat' dir='ltr'><em>i,</em></span> <span class='ocrx_word' id='word_1_240' title='bbox 963 2719 993 2770; x_wconf 71' lang='lat' dir='ltr'><em>ib</em></span> <span class='ocrx_word' id='word_1_241' title='bbox 1013 2715 1023 2786; x_wconf 87' lang='grc' dir='ltr'><em>ΙΙ</em></span> <span class='ocrx_word' id='word_1_242' title='bbox 1045 2721 1060 2783; x_wconf 66' lang='grc' dir='ltr'><strong>ξ</strong></span> <span class='ocrx_word' id='word_1_243' title='bbox 1079 2725 1092 2768; x_wconf 83' lang='grc'><em>4</em></span> <span class='ocrx_word' id='word_1_244' title='bbox 1113 2722 1176 2771; x_wconf 88' lang='lat' dir='ltr'><em>inde</em></span> <span class='ocrx_word' id='word_1_245' title='bbox 1195 2720 1229 2772; x_wconf 88' lang='lat' dir='ltr'><em>ab</em></span> 
     </span>
     <span class='ocr_line' id='line_1_27' title="bbox 151 2792 522 2854; baseline 0.005 -16"><span class='ocrx_word' id='word_1_246' title='bbox 151 2793 178 2838; x_wconf 95' lang='grc'><em>24</em></span> <span class='ocrx_word' id='word_1_247' title='bbox 202 2803 261 2840; x_wconf 91' lang='lat' dir='ltr'><em>cum</em></span> <span class='ocrx_word' id='word_1_248' title='bbox 279 2810 310 2832; x_wconf 92' lang='lat'><em>=</em></span> <span class='ocrx_word' id='word_1_249' title='bbox 329 2792 393 2840; x_wconf 87' lang='lat' dir='ltr'><em>inst.</em></span> <span class='ocrx_word' id='word_1_250' title='bbox 414 2793 436 2854; x_wconf 78' lang='lat' dir='ltr'><em>a,</em></span> <span class='ocrx_word' id='word_1_251' title='bbox 457 2794 479 2854; x_wconf 87' lang='grc'><em>4,</em></span> <span class='ocrx_word' id='word_1_252' title='bbox 500 2794 522 2840; x_wconf 87' lang='grc'><em>6.</em></span> 
     </span>
    </p>
   </div>
   <div class='ocr_carea' id='block_1_5' title="bbox 152 2907 1231 2925">
    <p class='ocr_par' dir='ltr' id='par_1_5' title="bbox 152 2907 1231 2925">
     <span class='ocr_line' id='line_1_28' title="bbox 152 2907 1231 2925; baseline -0.001 -1"><span class='ocrx_word' id='word_1_253' title='bbox 152 2907 1179 2925; x_wconf 57' lang='grc' dir='ltr'><em>ΙΝΛΛΛΛΜΛΙᾺΝΝΝΛΝΜΝΛΝᾺΛΛΝΝΝΨᾺΙΜΙΨᾺΛΛΛΝᾺΝᾺΛΛΛΝᾺΝΨΝΝΝ</em></span> <span class='ocrx_word' id='word_1_254' title='bbox 1185 2909 1231 2923; x_wconf 45' lang='lat' dir='ltr'><em>W&amp;</em></span> 
     </span>
    </p>
   </div>
   <div class='ocr_carea' id='block_1_6' title="bbox 152 2991 1234 4300">
    <p class='ocr_par' dir='ltr' id='par_1_6' title="bbox 152 2991 1234 4300">
     <span class='ocr_line' id='line_1_29' title="bbox 220 2991 1232 3063; baseline -0.001 -18"><span class='ocrx_word' id='word_1_255' title='bbox 220 2999 230 3045; x_wconf 99' lang='grc'><em>4</em></span> <span class='ocrx_word' id='word_1_256' title='bbox 254 2999 347 3046; x_wconf 86' lang='lat' dir='ltr'><em>utrum</em></span> <span class='ocrx_word' id='word_1_257' title='bbox 371 2996 448 3060; x_wconf 79' lang='lat' dir='ltr'><em>last,</em></span> <span class='ocrx_word' id='word_1_258' title='bbox 472 3009 520 3046; x_wconf 88' lang='lat' dir='ltr'><em>om.</em></span> <span class='ocrx_word' id='word_1_259' title='bbox 542 2995 603 3048; x_wconf 84' lang='lat' dir='ltr'><em>Gaii.</em></span> <span class='ocrx_word' id='word_1_260' title='bbox 621 2993 631 3063; x_wconf 83' lang='grc' dir='ltr'><em>ΙΙ</em></span> <span class='ocrx_word' id='word_1_261' title='bbox 649 3000 663 3044; x_wconf 92' lang='grc'><strong>2</strong></span> <span class='ocrx_word' id='word_1_262' title='bbox 682 2997 737 3046; x_wconf 88' lang='lat' dir='ltr'><em>sint</em></span> <span class='ocrx_word' id='word_1_263' title='bbox 759 2999 799 3047; x_wconf 88' lang='lat' dir='ltr'><em>uei</em></span> <span class='ocrx_word' id='word_1_264' title='bbox 821 3000 885 3047; x_wconf 88' lang='lat' dir='ltr'><em>sunt</em></span> <span class='ocrx_word' id='word_1_265' title='bbox 908 2998 981 3061; x_wconf 88' lang='lat' dir='ltr'><em>inst,</em></span> <span class='ocrx_word' id='word_1_266' title='bbox 1004 3010 1054 3048; x_wconf 90' lang='lat' dir='ltr'><em>om.</em></span> <span class='ocrx_word' id='word_1_267' title='bbox 1075 2991 1232 3062; x_wconf 76' lang='grc'><strong>0444114-</strong></span> 
     </span>
     <span class='ocr_line' id='line_1_30' title="bbox 154 3061 1230 3132; baseline -0.001 -17"><span class='ocrx_word' id='word_1_268' title='bbox 154 3061 213 3132; x_wconf 81' lang='grc'><em>4(&gt;</em></span> <span class='ocrx_word' id='word_1_269' title='bbox 232 3066 330 3115; x_wconf 83' lang='lat' dir='ltr'><em>addidit</em></span> <span class='ocrx_word' id='word_1_270' title='bbox 351 3064 480 3114; x_wconf 78' lang='lat' dir='ltr'><em>Goesctien</em></span> <span class='ocrx_word' id='word_1_271' title='bbox 504 3079 537 3115; x_wconf 84' lang='lat' dir='ltr'><em>om</em></span> <span class='ocrx_word' id='word_1_272' title='bbox 556 3067 630 3130; x_wconf 79' lang='lat' dir='ltr'><em>lust,</em></span> <span class='ocrx_word' id='word_1_273' title='bbox 654 3078 701 3115; x_wconf 90' lang='lat' dir='ltr'><em>om.</em></span> <span class='ocrx_word' id='word_1_274' title='bbox 724 3064 843 3132; x_wconf 77' lang='grc'><strong>6444414</strong></span> <span class='ocrx_word' id='word_1_275' title='bbox 863 3066 889 3116; x_wconf 91' lang='lat' dir='ltr'><em>id</em></span> <span class='ocrx_word' id='word_1_276' title='bbox 916 3067 989 3128; x_wconf 87' lang='lat' dir='ltr'><em>inst,</em></span> <span class='ocrx_word' id='word_1_277' title='bbox 1014 3066 1086 3115; x_wconf 90' lang='lat' dir='ltr'><em>idam</em></span> <span class='ocrx_word' id='word_1_278' title='bbox 1109 3064 1170 3115; x_wconf 84' lang='lat' dir='ltr'><em>Coti.</em></span> <span class='ocrx_word' id='word_1_279' title='bbox 1189 3064 1230 3128; x_wconf 90' lang='lat' dir='ltr'><em>(eo</em></span> 
     </span>
     <span class='ocr_line' id='line_1_31' title="bbox 154 3128 1232 3200; baseline 0 -18"><span class='ocrx_word' id='word_1_280' title='bbox 154 3136 275 3198; x_wconf 86' lang='lat' dir='ltr'><em>tempore</em></span> <span class='ocrx_word' id='word_1_281' title='bbox 298 3133 378 3195; x_wconf 83' lang='lat' dir='ltr'><em>lipit.)</em></span> <span class='ocrx_word' id='word_1_282' title='bbox 401 3128 411 3200; x_wconf 75' lang='grc'><em>4</em></span> <span class='ocrx_word' id='word_1_283' title='bbox 433 3135 549 3198; x_wconf 86' lang='lat' dir='ltr'><em>quisque</em></span> <span class='ocrx_word' id='word_1_284' title='bbox 575 3133 649 3198; x_wconf 83' lang='lat' dir='ltr'><em>cort,</em></span> <span class='ocrx_word' id='word_1_285' title='bbox 676 3135 738 3198; x_wconf 88' lang='lat' dir='ltr'><em>quis</em></span> <span class='ocrx_word' id='word_1_286' title='bbox 762 3136 839 3200; x_wconf 79' lang='lat' dir='ltr'><em>lust,</em></span> <span class='ocrx_word' id='word_1_287' title='bbox 868 3135 966 3199; x_wconf 84' lang='lat' dir='ltr'><em>aliquis</em></span> <span class='ocrx_word' id='word_1_288' title='bbox 990 3135 1057 3198; x_wconf 74' lang='lat' dir='ltr'><em>spii,</em></span> <span class='ocrx_word' id='word_1_289' title='bbox 1080 3131 1090 3200; x_wconf 89' lang='grc' dir='ltr'><em>ΙΙ</em></span> <span class='ocrx_word' id='word_1_290' title='bbox 1105 3134 1232 3184; x_wconf 85' lang='lat' dir='ltr'><em>moritur</em></span> 
     </span>
     <span class='ocr_line' id='line_1_32' title="bbox 154 3201 1231 3270; baseline 0 -19"><span class='ocrx_word' id='word_1_291' title='bbox 154 3203 310 3266; x_wconf 85' lang='lat' dir='ltr'><em>llatoonder‚</em></span> <span class='ocrx_word' id='word_1_292' title='bbox 337 3207 471 3252; x_wconf 88' lang='lat' dir='ltr'><em>morietur</em></span> <span class='ocrx_word' id='word_1_293' title='bbox 498 3203 566 3267; x_wconf 87' lang='lat' dir='ltr'><em>BW,</em></span> <span class='ocrx_word' id='word_1_294' title='bbox 596 3203 727 3253; x_wconf 87' lang='lat' dir='ltr'><em>moriatur</em></span> <span class='ocrx_word' id='word_1_295' title='bbox 755 3205 785 3268; x_wconf 87' lang='lat' dir='ltr'><em>V,</em></span> <span class='ocrx_word' id='word_1_296' title='bbox 813 3209 966 3255; x_wconf 85' lang='lat' dir='ltr'><em>moreretur</em></span> <span class='ocrx_word' id='word_1_297' title='bbox 991 3205 1052 3254; x_wconf 92' lang='lat' dir='ltr'><em>lust.</em></span> <span class='ocrx_word' id='word_1_298' title='bbox 1078 3201 1088 3270; x_wconf 69' lang='grc'><em>4</em></span> <span class='ocrx_word' id='word_1_299' title='bbox 1115 3207 1128 3250; x_wconf 83' lang='grc'><em>4</em></span> <span class='ocrx_word' id='word_1_300' title='bbox 1158 3203 1231 3252; x_wconf 86' lang='lat' dir='ltr'><em>idem</em></span> 
     </span>
     <span class='ocr_line' id='line_1_33' title="bbox 157 3269 1231 3336; baseline -0.001 -16"><span class='ocrx_word' id='word_1_301' title='bbox 157 3270 224 3332; x_wconf 81' lang='lat' dir='ltr'><em>Coit,</em></span> <span class='ocrx_word' id='word_1_302' title='bbox 244 3271 328 3334; x_wconf 91' lang='lat' dir='ltr'><em>idque</em></span> <span class='ocrx_word' id='word_1_303' title='bbox 341 3272 404 3321; x_wconf 89' lang='lat' dir='ltr'><em>lnst.</em></span> <span class='ocrx_word' id='word_1_304' title='bbox 418 3269 428 3336; x_wconf 84' lang='grc' dir='ltr'><em>ΙΙ</em></span> <span class='ocrx_word' id='word_1_305' title='bbox 446 3275 459 3320; x_wconf 83' lang='grc'><strong>8</strong></span> <span class='ocrx_word' id='word_1_306' title='bbox 480 3271 662 3334; x_wconf 79' lang='lat' dir='ltr'><em>intellegimus</em></span> <span class='ocrx_word' id='word_1_307' title='bbox 677 3271 740 3322; x_wconf 83' lang='lat' dir='ltr'><em>Coit.</em></span> <span class='ocrx_word' id='word_1_308' title='bbox 759 3285 817 3322; x_wconf 92' lang='lat' dir='ltr'><em>cum</em></span> <span class='ocrx_word' id='word_1_309' title='bbox 835 3275 961 3323; x_wconf 85' lang='lat' dir='ltr'><em>codicibus</em></span> <span class='ocrx_word' id='word_1_310' title='bbox 979 3273 1109 3322; x_wconf 86' lang='lat' dir='ltr'><em>nonnuliis</em></span> <span class='ocrx_word' id='word_1_311' title='bbox 1126 3271 1231 3320; x_wconf 88' lang='lat' dir='ltr'><em>Institu-</em></span> 
     </span>
     <span class='ocr_line' id='line_1_34' title="bbox 152 3337 1232 3406; baseline -0.002 -17"><span class='ocrx_word' id='word_1_312' title='bbox 152 3343 251 3390; x_wconf 86' lang='lat' dir='ltr'><em>tionum</em></span> <span class='ocrx_word' id='word_1_313' title='bbox 273 3337 283 3406; x_wconf 91' lang='grc' dir='ltr'><em>ΙΙ</em></span> <span class='ocrx_word' id='word_1_314' title='bbox 307 3343 320 3387; x_wconf 84' lang='grc'>9</span> <span class='ocrx_word' id='word_1_315' title='bbox 340 3341 393 3390; x_wconf 90' lang='lat' dir='ltr'><em>uiri</em></span> <span class='ocrx_word' id='word_1_316' title='bbox 412 3344 452 3390; x_wconf 89' lang='lat' dir='ltr'><em>est</em></span> <span class='ocrx_word' id='word_1_317' title='bbox 470 3341 493 3390; x_wconf 88' lang='lat' dir='ltr'><em>ei</em></span> <span class='ocrx_word' id='word_1_318' title='bbox 520 3343 625 3405; x_wconf 84' lang='lat' dir='ltr'><em>scripsi,</em></span> <span class='ocrx_word' id='word_1_319' title='bbox 649 3341 707 3390; x_wconf 86' lang='lat' dir='ltr'><em>eius</em></span> <span class='ocrx_word' id='word_1_320' title='bbox 726 3344 768 3392; x_wconf 85' lang='lat' dir='ltr'><em>esi</em></span> <span class='ocrx_word' id='word_1_321' title='bbox 786 3342 808 3391; x_wconf 88' lang='lat' dir='ltr'><em>is</em></span> <span class='ocrx_word' id='word_1_322' title='bbox 827 3342 862 3406; x_wconf 85' lang='lat' dir='ltr'><em>B,</em></span> <span class='ocrx_word' id='word_1_323' title='bbox 882 3343 940 3392; x_wconf 85' lang='lat' dir='ltr'><em>eius</em></span> <span class='ocrx_word' id='word_1_324' title='bbox 959 3343 999 3391; x_wconf 84' lang='lat' dir='ltr'><em>est</em></span> <span class='ocrx_word' id='word_1_325' title='bbox 1017 3343 1044 3390; x_wconf 93' lang='lat' dir='ltr'><em>in</em></span> <span class='ocrx_word' id='word_1_326' title='bbox 1067 3341 1093 3405; x_wconf 89' lang='lat' dir='ltr'><em>V,</em></span> <span class='ocrx_word' id='word_1_327' title='bbox 1112 3341 1171 3390; x_wconf 87' lang='lat' dir='ltr'><em>eius</em></span> <span class='ocrx_word' id='word_1_328' title='bbox 1190 3340 1232 3388; x_wconf 89' lang='lat' dir='ltr'><em>ost</em></span> 
     </span>
     <span class='ocr_line' id='line_1_35' title="bbox 153 3402 1231 3476; baseline -0.003 -18"><span class='ocrx_word' id='word_1_329' title='bbox 153 3409 243 3458; x_wconf 85' lang='lat' dir='ltr'><em>ualere</em></span> <span class='ocrx_word' id='word_1_330' title='bbox 264 3411 291 3458; x_wconf 85' lang='lat' dir='ltr'><em>et</em></span> <span class='ocrx_word' id='word_1_331' title='bbox 308 3409 341 3458; x_wconf 89' lang='lat' dir='ltr'><em>W</em></span> <span class='ocrx_word' id='word_1_332' title='bbox 358 3407 368 3474; x_wconf 82' lang='grc' dir='ltr'><em>ΙΙ</em></span> <span class='ocrx_word' id='word_1_333' title='bbox 386 3412 417 3457; x_wconf 86' lang='lat' dir='ltr'><em>to</em></span> <span class='ocrx_word' id='word_1_334' title='bbox 438 3410 498 3459; x_wconf 91' lang='lat' dir='ltr'><em>loco</em></span> <span class='ocrx_word' id='word_1_335' title='bbox 516 3410 545 3473; x_wconf 88' lang='lat' dir='ltr'><em>B,</em></span> <span class='ocrx_word' id='word_1_336' title='bbox 564 3411 591 3458; x_wconf 92' lang='lat' dir='ltr'><em>in</em></span> <span class='ocrx_word' id='word_1_337' title='bbox 611 3409 670 3460; x_wconf 88' lang='lat' dir='ltr'><em>laco</em></span> <span class='ocrx_word' id='word_1_338' title='bbox 690 3410 730 3474; x_wconf 92' lang='lat' dir='ltr'><em>W,</em></span> <span class='ocrx_word' id='word_1_339' title='bbox 750 3411 826 3460; x_wconf 89' lang='lat' dir='ltr'><em>locus</em></span> <span class='ocrx_word' id='word_1_340' title='bbox 848 3406 892 3476; x_wconf 76' lang='lat' dir='ltr'><em>Vll</em></span> <span class='ocrx_word' id='word_1_341' title='bbox 911 3413 942 3459; x_wconf 86' lang='grc'><em>42</em></span> <span class='ocrx_word' id='word_1_342' title='bbox 961 3409 1050 3472; x_wconf 82' lang='lat' dir='ltr'><em>inerit]</em></span> <span class='ocrx_word' id='word_1_343' title='bbox 1069 3410 1128 3459; x_wconf 90' lang='lat' dir='ltr'><em>eius</em></span> <span class='ocrx_word' id='word_1_344' title='bbox 1148 3402 1231 3474; x_wconf 73' lang='lat' dir='ltr'><em>Catili</em></span> 
     </span>
     <span class='ocr_line' id='line_1_36' title="bbox 155 3473 1231 3544; baseline 0 -18"><span class='ocrx_word' id='word_1_345' title='bbox 155 3490 215 3527; x_wconf 88' lang='lat' dir='ltr'><em>cum</em></span> <span class='ocrx_word' id='word_1_346' title='bbox 238 3479 265 3542; x_wconf 92' lang='lat' dir='ltr'><em>V,</em></span> <span class='ocrx_word' id='word_1_347' title='bbox 284 3477 349 3527; x_wconf 91' lang='lat' dir='ltr'><em>dum</em></span> <span class='ocrx_word' id='word_1_348' title='bbox 369 3478 431 3528; x_wconf 88' lang='lat' dir='ltr'><em>BW</em></span> <span class='ocrx_word' id='word_1_349' title='bbox 446 3474 457 3544; x_wconf 77' lang='grc'><em>14</em></span> <span class='ocrx_word' id='word_1_350' title='bbox 475 3481 505 3526; x_wconf 76' lang='lat' dir='ltr'><em>is</em></span> <span class='ocrx_word' id='word_1_351' title='bbox 527 3479 644 3528; x_wconf 88' lang='lat' dir='ltr'><em>dicimus</em></span> <span class='ocrx_word' id='word_1_352' title='bbox 666 3479 725 3529; x_wconf 85' lang='lat' dir='ltr'><em>Coti.</em></span> <span class='ocrx_word' id='word_1_353' title='bbox 743 3476 753 3544; x_wconf 90' lang='grc' dir='ltr'><em>ΙΙ</em></span> <span class='ocrx_word' id='word_1_354' title='bbox 771 3477 807 3541; x_wconf 90' lang='lat' dir='ltr'><em>in]</em></span> <span class='ocrx_word' id='word_1_355' title='bbox 829 3491 877 3530; x_wconf 92' lang='lat' dir='ltr'><em>om.</em></span> <span class='ocrx_word' id='word_1_356' title='bbox 891 3479 959 3543; x_wconf 88' lang='lat' dir='ltr'><em>BW,</em></span> <span class='ocrx_word' id='word_1_357' title='bbox 979 3479 1013 3528; x_wconf 90' lang='lat' dir='ltr'><em>da</em></span> <span class='ocrx_word' id='word_1_358' title='bbox 1036 3473 1079 3542; x_wconf 75' lang='lat' dir='ltr'><em>Vll</em></span> <span class='ocrx_word' id='word_1_359' title='bbox 1099 3479 1128 3526; x_wconf 84' lang='lat' dir='ltr'><em>ti</em></span> <span class='ocrx_word' id='word_1_360' title='bbox 1148 3489 1231 3526; x_wconf 84' lang='lat' dir='ltr'><em>causa</em></span> 
     </span>
     <span class='ocr_line' id='line_1_37' title="bbox 152 3543 1230 3614; baseline 0 -19"><span class='ocrx_word' id='word_1_361' title='bbox 152 3549 187 3596; x_wconf 88' lang='lat' dir='ltr'><em>sit</em></span> <span class='ocrx_word' id='word_1_362' title='bbox 205 3547 269 3610; x_wconf 89' lang='lat' dir='ltr'><em>quia</em></span> <span class='ocrx_word' id='word_1_363' title='bbox 289 3545 367 3610; x_wconf 85' lang='lat' dir='ltr'><em>(quae</em></span> <span class='ocrx_word' id='word_1_364' title='bbox 388 3547 452 3610; x_wconf 89' lang='lat' dir='ltr'><em>BV)]</em></span> <span class='ocrx_word' id='word_1_365' title='bbox 471 3560 552 3596; x_wconf 85' lang='lat' dir='ltr'><em>cause</em></span> <span class='ocrx_word' id='word_1_366' title='bbox 570 3548 605 3597; x_wconf 85' lang='lat' dir='ltr'><em>ita</em></span> <span class='ocrx_word' id='word_1_367' title='bbox 630 3548 665 3598; x_wconf 90' lang='lat' dir='ltr'><em>W</em></span> <span class='ocrx_word' id='word_1_368' title='bbox 680 3544 690 3614; x_wconf 81' lang='grc' dir='ltr'><em>ΙΙ</em></span> <span class='ocrx_word' id='word_1_369' title='bbox 709 3551 739 3597; x_wconf 76' lang='lat' dir='ltr'><em>it</em></span> <span class='ocrx_word' id='word_1_370' title='bbox 759 3549 804 3610; x_wconf 92' lang='lat' dir='ltr'><em>qui</em></span> <span class='ocrx_word' id='word_1_371' title='bbox 824 3547 894 3611; x_wconf 84' lang='lat' dir='ltr'><em>lust,</em></span> <span class='ocrx_word' id='word_1_372' title='bbox 914 3560 961 3596; x_wconf 92' lang='lat' dir='ltr'><em>om.</em></span> <span class='ocrx_word' id='word_1_373' title='bbox 984 3544 1044 3596; x_wconf 85' lang='lat' dir='ltr'><em>Gali.</em></span> <span class='ocrx_word' id='word_1_374' title='bbox 1061 3543 1072 3612; x_wconf 77' lang='grc'><em>14</em></span> <span class='ocrx_word' id='word_1_375' title='bbox 1090 3547 1147 3596; x_wconf 90' lang='lat' dir='ltr'><em>eius</em></span> <span class='ocrx_word' id='word_1_376' title='bbox 1169 3543 1230 3595; x_wconf 87' lang='lat' dir='ltr'><em>Gott.</em></span> 
     </span>
     <span class='ocr_line' id='line_1_38' title="bbox 154 3609 1233 3680; baseline -0.002 -16"><span class='ocrx_word' id='word_1_377' title='bbox 154 3620 177 3665; x_wconf 88' lang='lat' dir='ltr'><em>ei</em></span> <span class='ocrx_word' id='word_1_378' title='bbox 195 3617 387 3666; x_wconf 89' lang='lat' dir='ltr'><em>Institutionum</em></span> <span class='ocrx_word' id='word_1_379' title='bbox 405 3616 502 3665; x_wconf 88' lang='lat' dir='ltr'><em>codices</em></span> <span class='ocrx_word' id='word_1_380' title='bbox 521 3618 671 3680; x_wconf 84' lang='lat' dir='ltr'><em>deteriores,</em></span> <span class='ocrx_word' id='word_1_381' title='bbox 691 3628 739 3666; x_wconf 90' lang='lat' dir='ltr'><em>om.</em></span> <span class='ocrx_word' id='word_1_382' title='bbox 759 3617 952 3666; x_wconf 87' lang='lat' dir='ltr'><em>institutionum</em></span> <span class='ocrx_word' id='word_1_383' title='bbox 970 3617 1067 3666; x_wconf 89' lang='lat' dir='ltr'><em>codices</em></span> <span class='ocrx_word' id='word_1_384' title='bbox 1085 3615 1203 3664; x_wconf 86' lang='lat' dir='ltr'><em>meliores</em></span> <span class='ocrx_word' id='word_1_385' title='bbox 1222 3609 1233 3679; x_wconf 75' lang='grc'><em>4</em></span> 
     </span>
     <span class='ocr_line' id='line_1_39' title="bbox 159 3680 1232 3751; baseline -0.001 -19"><span class='ocrx_word' id='word_1_386' title='bbox 159 3687 187 3734; x_wconf 84' lang='grc'><em>45</em></span> <span class='ocrx_word' id='word_1_387' title='bbox 206 3683 291 3733; x_wconf 85' lang='lat' dir='ltr'><em>lutari</em></span> <span class='ocrx_word' id='word_1_388' title='bbox 312 3685 386 3748; x_wconf 84' lang='lat' dir='ltr'><em>last,</em></span> <span class='ocrx_word' id='word_1_389' title='bbox 410 3683 509 3734; x_wconf 85' lang='lat' dir='ltr'><em>laturis</em></span> <span class='ocrx_word' id='word_1_390' title='bbox 530 3684 592 3734; x_wconf 85' lang='lat' dir='ltr'><em>Coit.</em></span> <span class='ocrx_word' id='word_1_391' title='bbox 611 3681 621 3751; x_wconf 90' lang='grc' dir='ltr'><em>ΙΙ</em></span> <span class='ocrx_word' id='word_1_392' title='bbox 640 3688 670 3734; x_wconf 85' lang='grc'><em>46</em></span> <span class='ocrx_word' id='word_1_393' title='bbox 690 3685 732 3734; x_wconf 90' lang='lat' dir='ltr'><em>sui</em></span> <span class='ocrx_word' id='word_1_394' title='bbox 752 3685 866 3746; x_wconf 77' lang='lat' dir='ltr'><em>lilasi,</em></span> <span class='ocrx_word' id='word_1_395' title='bbox 892 3684 944 3733; x_wconf 85' lang='lat' dir='ltr'><em>sibi</em></span> <span class='ocrx_word' id='word_1_396' title='bbox 967 3684 1025 3734; x_wconf 95' lang='lat' dir='ltr'><em>VW</em></span> <span class='ocrx_word' id='word_1_397' title='bbox 1040 3680 1051 3748; x_wconf 83' lang='grc'><em>11</em></span> <span class='ocrx_word' id='word_1_398' title='bbox 1070 3689 1100 3732; x_wconf 84' lang='grc'><em>44</em></span> <span class='ocrx_word' id='word_1_399' title='bbox 1120 3683 1232 3732; x_wconf 89' lang='lat' dir='ltr'><em>nomine</em></span> 
     </span>
     <span class='ocr_line' id='line_1_40' title="bbox 155 3748 1230 3818; baseline -0.002 -16"><span class='ocrx_word' id='word_1_400' title='bbox 155 3753 280 3816; x_wconf 76' lang='lat' dir='ltr'><em>Pithoeus,</em></span> <span class='ocrx_word' id='word_1_401' title='bbox 300 3755 411 3803; x_wconf 85' lang='lat' dir='ltr'><em>nomina</em></span> <span class='ocrx_word' id='word_1_402' title='bbox 434 3751 493 3803; x_wconf 82' lang='lat' dir='ltr'><em>Coit.</em></span> <span class='ocrx_word' id='word_1_403' title='bbox 515 3753 526 3816; x_wconf 80' lang='grc' dir='ltr'><em>ΙΙ</em></span> <span class='ocrx_word' id='word_1_404' title='bbox 548 3757 578 3803; x_wconf 87' lang='grc'><strong>48</strong></span> <span class='ocrx_word' id='word_1_405' title='bbox 598 3753 730 3818; x_wconf 88' lang='lat' dir='ltr'><em>probatur</em></span> <span class='ocrx_word' id='word_1_406' title='bbox 748 3767 810 3803; x_wconf 88' lang='lat' dir='ltr'><em>nam</em></span> <span class='ocrx_word' id='word_1_407' title='bbox 830 3755 858 3803; x_wconf 87' lang='lat' dir='ltr'><em>et</em></span> <span class='ocrx_word' id='word_1_408' title='bbox 875 3753 902 3802; x_wconf 88' lang='lat' dir='ltr'><em>hi</em></span> <span class='ocrx_word' id='word_1_409' title='bbox 920 3754 986 3803; x_wconf 90' lang='lat' dir='ltr'><em>uiuo</em></span> <span class='ocrx_word' id='word_1_410' title='bbox 1005 3754 1081 3816; x_wconf 84' lang='lat' dir='ltr'><em>patre</em></span> <span class='ocrx_word' id='word_1_411' title='bbox 1099 3763 1182 3802; x_wconf 86' lang='lat' dir='ltr'><em>causa</em></span> <span class='ocrx_word' id='word_1_412' title='bbox 1200 3748 1230 3816; x_wconf 38' lang='grc' dir='ltr'><em>γ(4,</em></span> 
     </span>
     <span class='ocr_line' id='line_1_41' title="bbox 154 3819 1231 3887; baseline -0.003 -16"><span class='ocrx_word' id='word_1_413' title='bbox 154 3835 200 3872; x_wconf 82' lang='lat' dir='ltr'><em>orn.</em></span> <span class='ocrx_word' id='word_1_414' title='bbox 222 3820 282 3872; x_wconf 81' lang='lat' dir='ltr'><em>aori.</em></span> <span class='ocrx_word' id='word_1_415' title='bbox 304 3821 315 3884; x_wconf 82' lang='grc' dir='ltr'><em>ΙΙ</em></span> <span class='ocrx_word' id='word_1_416' title='bbox 337 3825 367 3870; x_wconf 86' lang='grc'><em>49</em></span> <span class='ocrx_word' id='word_1_417' title='bbox 387 3823 459 3886; x_wconf 87' lang='lat' dir='ltr'><em>quod</em></span> <span class='ocrx_word' id='word_1_418' title='bbox 481 3820 508 3887; x_wconf 68' lang='grc' dir='ltr'><em>(Ξ,</em></span> <span class='ocrx_word' id='word_1_419' title='bbox 526 3836 574 3872; x_wconf 89' lang='lat' dir='ltr'><em>om.</em></span> <span class='ocrx_word' id='word_1_420' title='bbox 596 3821 657 3872; x_wconf 81' lang='lat' dir='ltr'><em>Coti.</em></span> <span class='ocrx_word' id='word_1_421' title='bbox 679 3821 690 3884; x_wconf 86' lang='grc' dir='ltr'><em>ΙΙ</em></span> <span class='ocrx_word' id='word_1_422' title='bbox 711 3823 792 3871; x_wconf 88' lang='lat' dir='ltr'><em>etiam</em></span> <span class='ocrx_word' id='word_1_423' title='bbox 814 3820 840 3886; x_wconf 85' lang='lat' dir='ltr'><em>G,</em></span> <span class='ocrx_word' id='word_1_424' title='bbox 859 3824 887 3871; x_wconf 86' lang='lat' dir='ltr'><em>et</em></span> <span class='ocrx_word' id='word_1_425' title='bbox 907 3820 967 3871; x_wconf 86' lang='lat' dir='ltr'><em>Gaii.</em></span> <span class='ocrx_word' id='word_1_426' title='bbox 989 3820 1000 3883; x_wconf 85' lang='grc' dir='ltr'><em>ΙΙ</em></span> <span class='ocrx_word' id='word_1_427' title='bbox 1022 3824 1053 3870; x_wconf 86' lang='grc'><em>24</em></span> <span class='ocrx_word' id='word_1_428' title='bbox 1074 3819 1231 3872; x_wconf 81' lang='lat' dir='ltr'><em>secundans</em></span> 
     </span>
     <span class='ocr_line' id='line_1_42' title="bbox 157 3886 1231 3955; baseline -0.001 -15"><span class='ocrx_word' id='word_1_429' title='bbox 157 3891 293 3952; x_wconf 75' lang='lat' dir='ltr'><em>(tassetan,</em></span> <span class='ocrx_word' id='word_1_430' title='bbox 312 3891 487 3954; x_wconf 87' lang='lat' dir='ltr'><em>secundaque</em></span> <span class='ocrx_word' id='word_1_431' title='bbox 509 3889 528 3940; x_wconf 85' lang='lat' dir='ltr'><strong><em>G</em></strong></span> <span class='ocrx_word' id='word_1_432' title='bbox 546 3894 574 3941; x_wconf 89' lang='lat' dir='ltr'><em>et</em></span> <span class='ocrx_word' id='word_1_433' title='bbox 594 3889 654 3940; x_wconf 85' lang='lat' dir='ltr'><em>cori.</em></span> <span class='ocrx_word' id='word_1_434' title='bbox 668 3890 679 3954; x_wconf 85' lang='grc' dir='ltr'><em>ΙΙ</em></span> <span class='ocrx_word' id='word_1_435' title='bbox 695 3891 895 3955; x_wconf 81' lang='lat' dir='ltr'><em>mancipatione</em></span> <span class='ocrx_word' id='word_1_436' title='bbox 911 3891 939 3950; x_wconf 89' lang='lat' dir='ltr'><em>V,</em></span> <span class='ocrx_word' id='word_1_437' title='bbox 960 3891 1187 3955; x_wconf 88' lang='lat' dir='ltr'><em>mancipationem</em></span> <span class='ocrx_word' id='word_1_438' title='bbox 1204 3886 1231 3954; x_wconf 81' lang='lat' dir='ltr'><em>G,</em></span> 
     </span>
     <span class='ocr_line' id='line_1_43' title="bbox 154 3957 1231 4024; baseline -0.001 -16"><span class='ocrx_word' id='word_1_439' title='bbox 154 3960 369 4024; x_wconf 83' lang='lat' dir='ltr'><em>emancipatione</em></span> <span class='ocrx_word' id='word_1_440' title='bbox 389 3960 429 4024; x_wconf 91' lang='lat' dir='ltr'><em>W,</em></span> <span class='ocrx_word' id='word_1_441' title='bbox 449 3962 709 4024; x_wconf 86' lang='lat' dir='ltr'><em>aemaneipationem</em></span> <span class='ocrx_word' id='word_1_442' title='bbox 729 3960 773 4022; x_wconf 83' lang='grc' dir='ltr'><em>ΒΙΙ</em></span> <span class='ocrx_word' id='word_1_443' title='bbox 792 3963 820 4008; x_wconf 93' lang='grc'><strong>24</strong></span> <span class='ocrx_word' id='word_1_444' title='bbox 842 3960 1032 4022; x_wconf 81' lang='lat' dir='ltr'><em>intellegemus</em></span> <span class='ocrx_word' id='word_1_445' title='bbox 1054 3957 1079 4024; x_wconf 78' lang='lat' dir='ltr'><em>C,</em></span> <span class='ocrx_word' id='word_1_446' title='bbox 1099 3959 1231 4022; x_wconf 78' lang='lat' dir='ltr'><em>inteliegi-</em></span> 
     </span>
     <span class='ocr_line' id='line_1_44' title="bbox 155 4027 1231 4093; baseline 0.002 -17"><span class='ocrx_word' id='word_1_447' title='bbox 155 4041 215 4079; x_wconf 91' lang='lat' dir='ltr'><em>mns</em></span> <span class='ocrx_word' id='word_1_448' title='bbox 228 4027 289 4078; x_wconf 87' lang='lat' dir='ltr'><em>Gaii.</em></span> <span class='ocrx_word' id='word_1_449' title='bbox 303 4027 314 4090; x_wconf 84' lang='grc' dir='ltr'><em>ΙΙ</em></span> <span class='ocrx_word' id='word_1_450' title='bbox 328 4029 410 4091; x_wconf 82' lang='lat' dir='ltr'><em>igitur</em></span> <span class='ocrx_word' id='word_1_451' title='bbox 424 4027 451 4093; x_wconf 86' lang='lat' dir='ltr'><em>C,</em></span> <span class='ocrx_word' id='word_1_452' title='bbox 471 4042 518 4078; x_wconf 89' lang='lat' dir='ltr'><em>om.</em></span> <span class='ocrx_word' id='word_1_453' title='bbox 535 4028 595 4078; x_wconf 83' lang='lat' dir='ltr'><em>Coti.</em></span> <span class='ocrx_word' id='word_1_454' title='bbox 609 4029 620 4090; x_wconf 79' lang='grc'><em>44</em></span> <span class='ocrx_word' id='word_1_455' title='bbox 633 4033 664 4078; x_wconf 89' lang='grc'><em>22</em></span> <span class='ocrx_word' id='word_1_456' title='bbox 678 4033 789 4092; x_wconf 84' lang='lat' dir='ltr'><em>nepotes</em></span> <span class='ocrx_word' id='word_1_457' title='bbox 809 4031 937 4092; x_wconf 86' lang='lat' dir='ltr'><em>neptesue</em></span> <span class='ocrx_word' id='word_1_458' title='bbox 952 4027 979 4092; x_wconf 79' lang='lat'><em>0,</em></span> <span class='ocrx_word' id='word_1_459' title='bbox 998 4032 1096 4090; x_wconf 86' lang='lat' dir='ltr'><em>nepote</em></span> <span class='ocrx_word' id='word_1_460' title='bbox 1115 4029 1231 4092; x_wconf 88' lang='lat' dir='ltr'><em>nepteue</em></span> 
     </span>
     <span class='ocr_line' id='line_1_45' title="bbox 160 4097 1232 4163; baseline -0.001 -17"><span class='ocrx_word' id='word_1_461' title='bbox 160 4097 199 4162; x_wconf 94' lang='lat' dir='ltr'><em>W,</em></span> <span class='ocrx_word' id='word_1_462' title='bbox 218 4103 331 4162; x_wconf 86' lang='lat' dir='ltr'><em>nepotes</em></span> <span class='ocrx_word' id='word_1_463' title='bbox 350 4110 401 4146; x_wconf 89' lang='lat' dir='ltr'><em>uae</em></span> <span class='ocrx_word' id='word_1_464' title='bbox 419 4098 448 4161; x_wconf 87' lang='lat' dir='ltr'><em>B,</em></span> <span class='ocrx_word' id='word_1_465' title='bbox 467 4100 615 4160; x_wconf 86' lang='lat' dir='ltr'><em>nepotesue</em></span> <span class='ocrx_word' id='word_1_466' title='bbox 635 4100 714 4160; x_wconf 87' lang='lat' dir='ltr'><em>nepte</em></span> <span class='ocrx_word' id='word_1_467' title='bbox 730 4100 755 4163; x_wconf 90' lang='lat' dir='ltr'><em>V,</em></span> <span class='ocrx_word' id='word_1_468' title='bbox 775 4111 859 4162; x_wconf 87' lang='lat' dir='ltr'><em>nepos</em></span> <span class='ocrx_word' id='word_1_469' title='bbox 878 4097 1002 4161; x_wconf 86' lang='lat' dir='ltr'><em>neptisuo</em></span> <span class='ocrx_word' id='word_1_470' title='bbox 1022 4097 1082 4148; x_wconf 93' lang='lat' dir='ltr'><em>lnst.</em></span> <span class='ocrx_word' id='word_1_471' title='bbox 1104 4097 1115 4160; x_wconf 86' lang='grc' dir='ltr'><em>ΙΙ</em></span> <span class='ocrx_word' id='word_1_472' title='bbox 1139 4098 1232 4147; x_wconf 79' lang='lat' dir='ltr'><em>extant</em></span> 
     </span>
     <span class='ocr_line' id='line_1_46' title="bbox 158 4165 1234 4232; baseline 0 -17"><span class='ocrx_word' id='word_1_473' title='bbox 158 4165 177 4215; x_wconf 84' lang='grc'><em>0</em></span> <span class='ocrx_word' id='word_1_474' title='bbox 194 4167 264 4230; x_wconf 81' lang='lat' dir='ltr'><em>inst,</em></span> <span class='ocrx_word' id='word_1_475' title='bbox 284 4167 400 4216; x_wconf 80' lang='lat' dir='ltr'><em>existent</em></span> <span class='ocrx_word' id='word_1_476' title='bbox 418 4166 479 4216; x_wconf 80' lang='lat' dir='ltr'><em>Coti.</em></span> <span class='ocrx_word' id='word_1_477' title='bbox 497 4166 508 4230; x_wconf 79' lang='grc' dir='ltr'><em>ΙΙ</em></span> <span class='ocrx_word' id='word_1_478' title='bbox 525 4170 556 4215; x_wconf 84' lang='grc'><em>23</em></span> <span class='ocrx_word' id='word_1_479' title='bbox 576 4167 661 4230; x_wconf 82' lang='lat' dir='ltr'><em>gradu</em></span> <span class='ocrx_word' id='word_1_480' title='bbox 677 4166 697 4218; x_wconf 84' lang='grc'><em>0</em></span> <span class='ocrx_word' id='word_1_481' title='bbox 714 4172 738 4219; x_wconf 89' lang='lat' dir='ltr'><em>et</em></span> <span class='ocrx_word' id='word_1_482' title='bbox 757 4168 827 4232; x_wconf 88' lang='lat' dir='ltr'><em>inst,</em></span> <span class='ocrx_word' id='word_1_483' title='bbox 845 4167 959 4230; x_wconf 84' lang='lat' dir='ltr'><em>gradum</em></span> <span class='ocrx_word' id='word_1_484' title='bbox 975 4165 1036 4216; x_wconf 80' lang='lat' dir='ltr'><em>Coti.</em></span> <span class='ocrx_word' id='word_1_485' title='bbox 1053 4166 1064 4230; x_wconf 85' lang='grc'><em>11</em></span> <span class='ocrx_word' id='word_1_486' title='bbox 1080 4167 1234 4232; x_wconf 85' lang='lat' dir='ltr'><em>proximior</em></span> 
     </span>
     <span class='ocr_line' id='line_1_47' title="bbox 159 4233 694 4300; baseline 0.002 -16"><span class='ocrx_word' id='word_1_487' title='bbox 159 4233 177 4284; x_wconf 81' lang='lat' dir='ltr'><em>C</em></span> <span class='ocrx_word' id='word_1_488' title='bbox 195 4235 263 4298; x_wconf 79' lang='lat' dir='ltr'><em>last,</em></span> <span class='ocrx_word' id='word_1_489' title='bbox 283 4235 393 4300; x_wconf 86' lang='lat' dir='ltr'><em>proprio</em></span> <span class='ocrx_word' id='word_1_490' title='bbox 416 4237 444 4297; x_wconf 86' lang='lat' dir='ltr'><em>V,</em></span> <span class='ocrx_word' id='word_1_491' title='bbox 463 4238 606 4300; x_wconf 84' lang='lat' dir='ltr'><em>proprium</em></span> <span class='ocrx_word' id='word_1_492' title='bbox 625 4237 694 4287; x_wconf 86' lang='lat' dir='ltr'><em>BW.</em></span> 
     </span>
    </p>
   </div>
   <div class='ocr_carea' id='block_1_7' title="bbox 0 0 1557 4860">
    <p class='ocr_par' dir='ltr' id='par_1_7' title="bbox 0 0 1557 4860">
     <span class='ocr_line' id='line_1_48' title="bbox 0 0 1557 4860; baseline 0 0"><span class='ocrx_word' id='word_1_493' title='bbox 0 0 1557 4860; x_wconf 95' lang='lat' dir='ltr'><em> </em></span> 
     </span>
    </p>
   </div>
  </div>
 </body>
</html>
