3094 4860
325 371 335 419 1
354 371 479 431 §as-oo
712 405 796 415 ..-
842 372 882 432 22
926 405 1012 416 ....

325 579 397 619 eom
418 561 610 638 pertineant,
638 561 726 620 cuius
749 567 849 620 mater
870 560 981 621 ancilla
1004 561 1106 621 fuerit.
1153 559 1211 621 sed
1236 568 1267 622 et
1289 563 1320 620 in
1342 561 1399 620 hac

324 647 429 725 specie
461 644 554 705 diuus
577 646 787 725 Vespasianus
815 645 1001 727 inelegantia
1030 649 1106 708 iuris
1133 654 1235 706 motus
1267 647 1400 706 restituit

323 733 400 791 iuris
435 733 574 810 gentium
605 731 763 811 regulam,
798 738 832 792 ut
866 735 949 793 omni
976 731 1084 811 modo,
1120 735 1239 793 etiamsi
1270 731 1399 792 masculi

274 817 313 876 86
324 822 506 895 nascantur,
535 818 620 877 serui
647 818 709 877 sint
735 820 802 878 eius
826 819 916 878 ouius
940 825 971 878 et
993 825 1092 879 mater
1115 818 1216 878 fuerit.
1262 817 1327 879 Sed
1348 816 1400 877 illa

323 920 397 982 pars
421 901 564 963 eiusdem
585 902 664 982 legis
688 902 776 963 salua
800 911 855 981 est,
887 912 923 964 ut
945 923 986 964 ex
1006 903 1106 964 libera
1129 911 1160 964 et
1179 922 1272 964 seruo
1289 903 1422 981 alienos

324 1007 419 1068 quem
448 987 568 1049 sciebat
589 1007 719 1049 seruum
742 1006 827 1067 esse,
853 991 938 1050 serui
964 996 1140 1050 nascantur.
1186 992 1292 1070 itaque
1316 988 1401 1069 apud

324 1077 403 1154 quos
430 1072 499 1134 talis
528 1074 582 1134 lex
603 1082 749 1152 nonest,
780 1077 834 1154 qui
857 1076 996 1135 nascitur
1027 1078 1096 1136 iure
1124 1077 1263 1156 gentium
1293 1077 1399 1135 matris

323 1159 535 1221 condicionem
558 1162 703 1240 sequitur
726 1167 757 1220 et
780 1160 820 1221 ob
843 1160 876 1221 id
898 1161 981 1222 liber
1004 1169 1058 1221 est.

273 1245 313 1307 87
408 1245 529 1318 Quibus
552 1253 657 1307 autem
679 1245 806 1306 casibus
829 1249 934 1307 matris
953 1253 985 1307 et
999 1265 1061 1308 non
1076 1247 1174 1325 patris
1190 1244 1401 1306 condicionem

323 1334 467 1411 sequitur
490 1333 544 1411 qui
567 1334 715 1409 nascitur,
746 1331 847 1392 isdem
871 1332 996 1393 casibus
1019 1335 1050 1392 in
1072 1339 1226 1410 potestate
1250 1350 1323 1392 eum
1346 1346 1437 1410 pa-ro

321 1420 391 1495 trie,
427 1419 547 1478 etiamsi
579 1420 605 1478 is
642 1420 719 1478 ciuis
747 1419 902 1478 Romanus
930 1421 984 1498 sit,
1016 1436 1079 1478 non
1107 1435 1177 1478 esse
1203 1417 1277 1496 plus
1306 1435 1401 1497 quam

321 1503 521 1563 manifestum
543 1509 600 1564 est.
639 1511 670 1564 et
691 1503 762 1564 ideo
786 1506 932 1582 superius
948 1503 1125 1564 rettulimus
1142 1502 1336 1584 quibusdam
1352 1521 1401 1563 ca·

322 1587 410 1649 sibus
433 1607 491 1668 per
514 1607 652 1650 errorem
675 1607 737 1650 non
759 1592 841 1650 iusto
863 1597 1019 1651 contracto
1042 1591 1235 1653 matrimonio
1257 1595 1400 1650 senatum

323 1677 515 1735 interuenire
548 1683 579 1735 et
608 1675 776 1736 emendare
799 1677 911 1736 uitium
938 1677 1140 1753 matrimonii,
1175 1693 1276 1755 eoque
1307 1674 1399 1734 modo

321 1760 510 1842 plerumque
534 1761 671 1838 efficere,
694 1763 781 1821 utin
804 1768 989 1842 potestatem
1012 1763 1109 1841 patris
1126 1759 1208 1822 filius
1223 1760 1436 1841 redigatur.rs

273 1849 313 1908 88
323 1846 387 1908 Sed
415 1849 441 1906 si
468 1845 580 1906 ancilla
608 1865 648 1906 ex
676 1849 745 1907 ciue
773 1849 908 1908 Romano
932 1848 1123 1926 conceperit,
1152 1845 1268 1907 deinde
1290 1864 1401 1906 manu-

322 1933 418 1992 missa
451 1934 527 1992 ciuis
555 1934 691 1993 Romana
724 1933 804 1992 iacta
837 1934 877 1994 sit
909 1940 940 1994 et
972 1940 1047 1994 tuuc
1073 1935 1188 2012 pariat,
1223 1931 1297 1992 lieet
1323 1933 1400 1993 ciuis

321 2019 474 2078 Romanos
505 2020 544 2078 sit
566 2021 620 2098 qui
642 2021 794 2098 nascitur,
811 2015 823 2099 ΙΙ
839 2021 921 2080 siout
942 2027 1033 2098 pater
1056 2020 1134 2098 eius,
1157 2037 1219 2079 non
1241 2025 1347 2078 tamen
1369 2021 1495 2094 inpegit
1521 2055 1522 2060 κ

321 2110 473 2182 potestate
503 2107 600 2183 patris
634 2112 690 2183 est,
718 2107 791 2185 quia
818 2123 924 2185 neque
953 2124 993 2166 ex
1019 2107 1101 2165 iusto
1125 2107 1208 2164 coitu
1230 2111 1398 2183 conceptus

322 2197 371 2250 est
396 2208 501 2270 neque
525 2209 565 2250 ex
587 2189 653 2250 ullo
677 2191 947 2252 senatusconsulto
970 2191 1040 2251 talis
1064 2194 1162 2252 coitus
1186 2192 1276 2270 quasi
1299 2193 1435 2251 iustusao
1521 2213 1522 2222 ¹

322 2278 531 2336 constituitur.

272 2363 311 2423 89
408 2361 500 2434 Quod
523 2368 628 2422 autem
650 2360 776 2442 placuit,
800 2364 826 2423 si
849 2360 961 2422 ancilla
984 2381 1024 2422 ex
1046 2364 1115 2423 ciue
1131 2363 1267 2422 Romano
1291 2379 1400 2422 couce-

321 2451 414 2527 perit,
449 2447 564 2509 deinde
593 2451 783 2510 manumissa
810 2451 985 2528 pepererit,
1016 2449 1071 2528 qui
1096 2449 1236 2508 nascitur
1263 2446 1399 2508 liberum

321 2536 417 2612 nasci,
440 2532 577 2595 naturali
600 2536 718 2594 ratione
742 2535 789 2610 iit;
813 2552 886 2596 nam
907 2535 940 2595 hi
963 2535 1017 2614 qui
1040 2533 1201 2613 illegitime
1221 2536 1400 2612 concipiun-

321 2627 387 2698 tur,
418 2627 533 2680 statum
556 2627 685 2680 sumunt
707 2639 747 2680 ex
770 2639 806 2682 eo
829 2627 969 2699 tempore
993 2638 1056 2700 quo
1078 2626 1264 2696 nascuntur;
1294 2622 1435 2699 itaquess

322 2707 349 2764 si
374 2724 415 2765 ex
442 2706 544 2767 libera
574 2713 761 2784 nascuntur,
792 2706 885 2767 liberi
914 2705 994 2766 fiunt
1020 2724 1080 2766 nec
1101 2706 1244 2783 interest,
1275 2723 1316 2765 ex
1338 2723 1399 2785 quo

323 2798 422 2850 mater
445 2810 498 2852 eos
522 2794 707 2871 conceperit,
731 2811 803 2852 cum
825 2790 936 2853 ancilla
951 2791 1058 2867 fuerit3
1082 2797 1113 2868 at
1127 2791 1169 2869 hi,
1193 2792 1247 2870 qui
1263 2789 1399 2871 legitime

273 2876 311 2935 90
324 2878 550 2956 concipiuntur,
575 2897 615 2938 ex
637 2879 847 2955 conceptionis
870 2885 1010 2957 tempore
1033 2883 1147 2937 statum
1170 2883 1306 2936 sumunt.
1342 2879 1397 2937 ita-

324 2979 386 3040 que
418 2963 444 3022 si
471 2964 524 3022 cui
550 2962 674 3024 mulieri
704 2965 765 3022 ciui
792 2965 947 3024 Romanae
977 2964 1139 3043 praegnati
1171 2979 1254 3042 aqua
1280 2969 1313 3023 et
1338 2963 1401 3042 igni

323 3046 523 3109 interdictum
546 3048 649 3127 fuerit,
674 3067 776 3128 eoque
799 3049 891 3110 modo
914 3050 1081 3129 peregrina
1103 3048 1185 3108 facto
1200 3055 1276 3109 tunc
1290 3049 1400 3127 pariat,
1410 3064 1436 3108 ao

323 3133 492 3212 conplures
516 3132 712 3214 distinguunt
734 3141 765 3193 et
786 3142 905 3214 putant,
929 3134 1086 3214 siquidem
1109 3152 1149 3194 ex
1171 3135 1260 3194 iustis
1282 3135 1400 3212 nuptiis

1146 3299 1402 3316 mmmmm

390 3390 405 3451 ἕ
425 3393 456 3439 87
475 3391 605 3454 superios]
625 3391 641 3452 §
661 3393 692 3438 64
712 3403 786 3453 seqq.

324 3523 375 3538 ΛΛΙ·

390 3634 400 3678 4
424 3641 487 3678 cum
514 3631 666 3692 pertineant
695 3629 835 3694 Gceschec,
863 3631 1042 3693 empertineat
1072 3627 1091 3678 G
1113 3627 1124 3690 11
1149 3629 1229 3691 quius
1250 3625 1300 3692 011
1322 3626 1402 3676 acillo

324 3697 343 3748 G
363 3694 373 3763 11
396 3701 410 3746 a
433 3697 580 3760 inlegentia
601 3695 679 3763 0117
699 3699 822 3748 nascitur
842 3697 982 3762 Goescteo,
1007 3699 1152 3746 nascantur
1173 3695 1192 3746 C
1214 3695 1291 3760 (coos.
1312 3709 1338 3745 o.
1359 3691 1404 3760 4111

322 3770 336 3815 8
360 3766 522 3816 condicione
551 3767 570 3818 G
595 3764 605 3832 11
632 3771 646 3814 9
669 3767 832 3816 condicione
856 3765 876 3816 0
900 3763 910 3831 ΙΙ
938 3770 968 3815 45
996 3766 1135 3827 redigatur
1160 3765 1302 3828 Goescten,
1331 3764 1403 3814 redi-

321 3837 419 3896 gantur
438 3833 487 3902 011
510 3839 542 3884 to
561 3836 610 3886 sed
631 3834 673 3900 0¹¹,
692 3835 741 3885 sed
760 3839 787 3885 et
805 3836 946 3884 Mornmsec
968 3831 979 3898 11
1002 3838 1031 3882 44
1051 3833 1179 3897 (placicius
1200 3832 1220 3882 C
1242 3832 1253 3894 11
1278 3836 1309 3880 48
1334 3833 1403 3882 ciuis

321 3903 458 3953 Romanus
473 3903 611 3968 Goesctec,
630 3905 705 3954 ciues
718 3901 799 3953 rum?
814 3903 855 3968 0¹¹,
875 3903 940 3964 coos.
959 3902 1003 3950 0⁸⁸
1015 3905 1040 3951 ot
1055 3901 1086 3952 θ’
1101 3915 1163 3965 pag.
1177 3907 1226 3955 2444
1241 3906 1337 3963 etpoy.
1352 3903 1402 3954 299

321 3973 386 4020 med.
411 3972 422 4034 11
447 3976 477 4020 49
498 3975 658 4034 potestatem
679 3972 726 4036 011
742 3977 773 4021 23
792 3973 929 4036 pepererit
949 3970 1090 4036 Goescteo,
1113 3971 1217 4034 peperit
1238 3967 1334 4032 01124
1353 3982 1403 4018 na-

322 4039 404 4088 turali
437 4040 576 4106 Goesclreo,
614 4041 696 4091 turali
726 4041 745 4091 G
768 4039 780 4103 11
808 4044 840 4089 28
872 4041 984 4090 sumunt
1011 4038 1153 4103 Goesctec,
1180 4040 1327 4088 sumuntur
1356 4032 1404 4102 011

323 4110 356 4156 29
376 4109 420 4157 cui
445 4108 585 4174 Goesctec,
613 4121 663 4158 cua
688 4108 707 4158 C
734 4109 745 4171 11
774 4113 804 4157 30
825 4121 876 4170 pro
898 4106 969 4158 iacta
989 4110 1075 4169 possis
1101 4121 1159 4158 com
1185 4107 1329 4157 Goesctenc
1357 4105 1403 4155 fiat

323 4178 350 4224 et
367 4177 487 4240 scribere,
507 4179 574 4240 conf.
591 4184 680 4228 tameo
702 4177 740 4227 0⁸.
