3190 4868
322 357 358 407 ιιι
377 358 539 419 sira-im
703 391 789 402 --
835 356 895 419 448
938 390 1025 402 ..-

251 546 528 626 ll6appellamus.
574 547 713 625 Sponsor
741 547 781 605 ita
812 547 1023 626 interrogatur
1052 565 1128 606 4444
1151 565 1223 606 naar
1252 543 1407 608 saoneres?

323 633 559 712 fidepromissor
581 628 657 713 (ito)
686 649 756 692 4444
785 629 1031 693 44444444444444
1061 632 1230 694 fideiussor
1258 634 1299 693 ita
1330 652 1414 693 4444

322 738 389 780 4444
405 738 460 779 rvi
474 737 539 778 4444
562 714 664 778 rurus?
686 717 868 779 uidebimus
891 715 943 798 [de
966 717 1025 798 his]
1052 726 1166 797 autem,
1191 736 1254 799 quo
1277 721 1406 780 nomine

322 807 443 885 possint
465 805 590 883 proprie
614 803 776 883 appellari,
800 807 854 884 qui
877 806 918 866 ita
941 806 1173 884 interrogantur
1195 823 1274 865 4444
1291 802 1404 866 nmis?

250 890 400 951 4474444
418 887 598 951 4444444449
623 908 695 950 anau
718 888 840 951 rueras?
866 892 1038 970 sponsores
1063 891 1191 970 quidem
1212 897 1243 952 et
1266 891 1435 971 fidepro-5

322 979 469 1038 missores
493 984 523 1037 et
546 976 749 1038 fideiussores
773 994 868 1057 saepe
895 977 1034 1038 solemus
1062 978 1218 1056 accipere,
1249 976 1326 1038 dum
1349 997 1407 1038 cu-

322 1081 438 1142 ramus,
463 1070 497 1123 ut
513 1062 693 1143 diligentius
716 1063 807 1124 nobis
823 1071 949 1124 cautum
970 1065 1022 1139 sit;
1046 1063 1304 1142 adstipulatorem
1326 1083 1405 1125 uero

323 1149 389 1210 iere
404 1156 480 1210 tuno
502 1148 605 1210 solum
628 1149 827 1229 adhibemus,
851 1168 923 1210 cum
938 1151 980 1210 ita
1003 1149 1200 1229 stipulamur,
1225 1157 1261 1210 ut
1283 1149 1406 1230 aliquid

321 1242 546 1314 postmortem
568 1242 707 1296 nostram
732 1236 832 1297 detur.
873 1232 1403 1318 <—-——-——-->

322 1320 500 1400 stipulando
523 1321 600 1382 nihil
623 1324 758 1402 agimus,
787 1321 957 1382 adhibetur
979 1321 1197 1401 adstipulator,
1228 1329 1263 1382 ut
1285 1325 1311 1384 is
1334 1329 1453 1401 postte

322 1415 454 1469 mortem
481 1415 620 1468 nostram
647 1414 731 1488 agat,
762 1409 816 1487 qui
839 1409 865 1469 si
888 1407 966 1488 quid
988 1408 1084 1469 suerit
1106 1416 1308 1490 consecutus,
1331 1406 1341 1490 11
1364 1407 1404 1470 de
1417 1431 1482 1482 pag.
1499 1422 1553 1470 459

322 1494 507 1555 restituendo
531 1513 567 1554 eo
590 1493 729 1555 mandati
751 1493 866 1554 iudieio
888 1493 998 1555 heredi
1025 1491 1115 1574 [meo]
1138 1501 1273 1556 tenetur.

249 1580 312 1639 448
408 1581 574 1660 Sponsoris
596 1599 671 1641 nero
687 1587 719 1640 et
740 1579 1004 1658 fidepromissoris
1027 1580 1138 1642 similis
1161 1579 1301 1641 condicio
1317 1577 1404 1660 <444>,

249 1665 517 1728 ll9iideiussoris
544 1665 640 1727 ualde
663 1665 832 1727 dissimilis.
878 1667 955 1728 Nam
982 1666 1027 1726 illi
1051 1666 1179 1747 quidem
1207 1664 1302 1728 nullis
1326 1665 1405 1727 obli-

322 1752 499 1833 gationihns
523 1751 674 1814 accedere
697 1761 830 1832 possunt
845 1755 904 1813 nisi
922 1752 1102 1830 uerborum,
1128 1750 1285 1833 (quamuis
1308 1755 1450 1813 inter-te

323 1839 396 1900 dum
430 1840 499 1918 ipse
528 1839 586 1919 qui
617 1839 795 1918 promiserit
828 1857 891 1900 non
925 1839 1020 1900 fuerit
1053 1838 1224 1919 obligatus,
1259 1838 1350 1898 uelut
1378 1841 1405 1899 si

321 1924 432 1984 melier
464 1931 518 1984 aut
551 1923 691 2004 pupillus
725 1926 792 1985 sine
825 1926 937 1985 tutoris
971 1927 1154 1986 auctoritate
1187 1931 1242 1985 aut
1271 1923 1407 2004 quilibet

321 2018 392 2089 post
417 2017 550 2072 mortem
573 2028 663 2071 suam
686 2009 754 2071 dari
781 2012 967 2090 promiserit.
1014 2019 1045 2072 at
1066 2011 1147 2072 illud
1171 2012 1347 2092 quaeritur,
1378 2013 1405 2072 si

323 2114 437 2158 seruus
461 2105 514 2157 aut
536 2098 725 2178 peregrinus
749 2097 963 2176 spoponderit,
992 2116 1032 2158 an
1053 2116 1111 2178 pro
1135 2116 1172 2158 eo
1196 2115 1329 2177 sponsor
1351 2105 1407 2159 aut

236 2182 557 2262 ll9⁸fidepr0missor
579 2180 756 2264 obligetur).
802 2182 981 2245 Fideiussor
1003 2202 1081 2246 uero
1109 2184 1254 2244 omnibus
1283 2183 1446 2264 obliga-so

320 2269 470 2348 tionibus,
503 2269 535 2331 id
559 2277 607 2330 est
629 2271 697 2331 siue
719 2287 754 2330 re
777 2272 845 2332 siue
868 2270 977 2331 uerbis
1005 2273 1073 2332 siue
1103 2269 1214 2332 litteris
1239 2271 1307 2331 siue
1330 2289 1405 2330 con-

322 2373 417 2417 44444
445 2363 620 2416 4444444444
649 2356 765 2416 fuerint
792 2355 1010 2437 obligationes,
1040 2355 1121 2417 adici
1149 2363 1259 2437 potest.
1306 2374 1404 2417 4444

321 2441 402 2504 illud
426 2443 555 2524 quidem
582 2444 726 2520 interest,
754 2448 861 2503 utrum
888 2442 989 2504 ciuilis
1013 2461 1052 2503 an
1079 2442 1231 2504 naturalis
1255 2442 1404 2523 obligatio

301 2530 361 2589 ·sit
383 2531 434 2590 cni
456 2528 622 2605 adiciatur,
653 2528 731 2589 adeo
755 2528 894 2608 quidem,
917 2535 953 2589 nt
974 2548 1031 2608 pro
1055 2547 1148 2589 seruo
1172 2547 1300 2609 quoque
1324 2527 1406 2589 ohli-

321 2621 421 2695 getnr,
446 2617 514 2677 siue
537 2623 705 2676 extraneus
729 2616 768 2675 sit
783 2617 838 2695 qui
859 2633 876 2676 a
900 2632 993 2676 seruo
1017 2615 1236 2676 fideiussorem
1260 2616 1403 2694 accipiat,
1413 2627 1445 2673 45

250 2700 389 2762 4204444
422 2703 490 2781 ipse
521 2700 665 2762 domiuus
694 2702 726 2761 in
754 2700 787 2762 id
816 2700 902 2782 quod
931 2700 991 2762 sibi
1020 2701 1184 2763 debeatur.
1238 2701 1403 2762 Praeterea

390 2889 405 2948 6
424 2891 471 2937 444
491 2889 555 2938 inde
574 2888 608 2938 ab
629 2892 642 2938 6
661 2889 772 2939 solemus
789 2901 877 2950 usque
896 2888 930 2937 ad
952 2893 964 2936 7
984 2891 1017 2938 sit
1035 2886 1091 2938 lere
1110 2909 1141 2931 =
1161 2889 1223 2938 lust.
1244 2892 1269 2952 3,
1289 2892 1319 2938 44
1334 2901 1375 2953 pr.
1389 2886 1399 2954 11

322 2957 412 3017 64494
431 2957 494 3006 inde
513 2957 547 3007 ab
566 2961 598 3006 44
619 2957 736 3007 omnibns
754 2957 934 3006 iere=1nst
956 2960 978 3018 3,
998 2961 1038 3022 444,
1059 2961 1081 3008 4.

321 3056 1403 3074 mmmmwvmtvmmmmmmvvwmmvmtwwvvvmnmmmmwvmmmvwv

391 3129 400 3175 4
425 3140 486 3176 44444
508 3127 646 3192 04444444,
665 3126 1003 3190 consenescentes.
1022 3125 1115 3192 52114
1135 3129 1171 3178 444
1190 3131 1289 3178 addidit
1308 3129 1403 3178 454444-

321 3197 367 3257 inp
376 3188 386 3260 11
404 3195 495 3257 (altero
513 3197 575 3256 loco)
594 3209 656 3246 44444
672 3197 809 3260 04444444,
828 3196 893 3258 cons.
910 3195 942 3246 04
959 3210 1018 3260 pag.
1032 3203 1083 3250 262
1100 3211 1168 3246 uera.
1181 3195 1237 3264 4211
1256 3201 1320 3246 4-5
1341 3211 1402 3247 rnna

322 3276 394 3312 44444
419 3277 481 3314 mnu
508 3265 649 3325 04444444,
679 3265 708 3314 id
735 3265 814 3315 dahis
834 3265 871 3326 id
897 3263 927 3329 0,
955 3265 1019 3328 conf.
1041 3264 1073 3315 04
1098 3279 1157 3328 pap.
1176 3269 1227 3320 262
1253 3280 1322 3315 nere.
1342 3263 1404 3332 5511

324 3337 338 3382 9
357 3333 453 3383 multoe
469 3338 561 3395 potent
577 3336 637 3383 niae
655 3335 801 3397 supplendi,
821 3335 963 3384 Mommsen
978 3339 1085 3396 propter
1103 3336 1320 3385 homoeoteleuton
1339 3336 1404 3384 44444

320 3401 376 3464 sere
392 3405 554 3452 intercidisse
571 3405 730 3464 suspicetur:
751 3404 814 3468 quia
827 3404 899 3452 enim
919 3402 999 3454 nobis
1017 3408 1048 3453 ut
1065 3406 1127 3468 post
1145 3407 1260 3454 mortem
1281 3407 1403 3453 nostram

323 3487 402 3537 detur
419 3485 429 3553 11
449 3492 478 3536 itt
502 3488 683 3553 adstipulator
705 3489 845 3553 Boecltinp,
868 3495 904 3540 at·
925 3490 1069 3552 stipulator
1090 3488 1115 3551 (i.
1135 3502 1154 3538 e.
1174 3493 1264 3539 autem
1289 3490 1403 3553 stipula-

322 3559 371 3617 tor)
396 3555 440 3620 04,
466 3557 531 3620 conf.
553 3556 585 3608 04
599 3571 659 3620 pap.
678 3558 730 3611 257
746 3554 756 3622 11
774 3561 805 3606 44
825 3571 885 3608 meo
909 3559 1002 3608 delenit
1021 3559 1149 3607 Polenoor
1165 3555 1175 3623 11
1198 3562 1229 3607 te
1249 3571 1316 3608 uero
1337 3558 1404 3608 Goe-

322 3627 410 3687 schen,
439 3627 485 3676 uel
506 3625 552 3691 04,
580 3625 645 3688 conf.
667 3625 698 3676 04
721 3631 852 3689 1444544
873 3623 884 3692 11
906 3630 947 3677 444
973 3628 1071 3677 addidit
1097 3627 1247 3676 Lachmann
1274 3627 1350 3689 (conf.
1372 3627 1404 3678 04

319 3708 380 3758 pag.
400 3701 450 3748 265
468 3709 536 3744 4444.
555 3691 674 3762 521145
694 3696 831 3746 interdum
853 3696 993 3760 Goeschen,
1013 3700 1059 3744 444
1076 3696 1199 3746 interdus
1218 3701 1264 3746 ant
1282 3696 1403 3746 interdui

326 3761 420 3828 01146
440 3767 487 3830 qui
509 3765 649 3827 Goeschen,
672 3764 739 3828 quid
761 3763 856 3831 01148
875 3778 925 3829 pos
947 3764 975 3829 0,
1000 3764 1065 3827 conf.
1087 3763 1118 3814 04
1138 3778 1198 3829 pop.
1217 3762 1346 3830 2451149
1369 3766 1404 3824 (in

319 3833 378 3894 1444)
402 3837 449 3882 444
472 3834 613 3899 04444444,
637 3836 728 3883 antem
750 3833 797 3893 04,
823 3835 888 3898 conf.
911 3833 942 3883 04
961 3846 1022 3896 pap.
1041 3831 1119 3896 25711
1142 3837 1242 3882 44-44
1267 3847 1405 3883 44444444

323 3901 393 3962 inst,
415 3901 572 3961 44444440,
592 3903 657 3964 cons.
673 3902 705 3952 04
721 3916 782 3966 pop.
794 3908 845 3956 266
863 3899 873 3968 11
891 3905 922 3951 44
942 3916 973 3952 44
993 3903 1183 3952 Institutionum
1201 3904 1300 3952 codices
1317 3904 1405 3953 malio-

321 3981 376 4032 res,
400 3971 434 4020 ad
456 3971 486 4036 0,
510 3975 537 4021 44
557 3973 749 4022 institutionum
770 3973 869 4021 codices
891 3973 987 4033 aliquot
1005 3972 1145 4020 deteriores
1163 3985 1221 4021 cnm
1243 3968 1397 4039 Theophiloss

323 4039 354 4084 45
375 4051 407 4086 44
428 4040 499 4104 inst,
518 4044 534 4090 ‘a
552 4041 577 4104 (i.
597 4054 617 4090 4.
637 4037 710 4100 auti)
733 4039 761 4104 0,
781 4040 846 4102 conf.
869 4040 901 4090 04
915 4054 976 4104 pag.
994 4045 1045 4093 255
1062 4040 1109 4102 ins.
1126 4037 1136 4106 11
1154 4043 1254 4090 43-44
1275 4041 1404 4105 obligatio

323 4107 358 4154 sit
379 4106 404 4167 0,
424 4108 460 4156 444
478 4108 608 4171 obligatio
629 4105 719 4174 144411
738 4113 769 4158 45
788 4122 804 4157 4
823 4122 904 4159 seruo
924 4109 1111 4159 fideiussorem
1134 4110 1159 4174 0,
1179 4109 1371 4160 fideiussorem
1389 4125 1404 4162 a

322 4186 404 4224 seruo
423 4176 484 4226 1444.
502 4171 512 4243 1
529 4178 645 4242 accipiat
663 4178 732 4240 Inst,
752 4178 840 4243 accipi
861 4175 955 4242 01146
976 4176 1108 4228 debeatur
1128 4177 1155 4243 0,
1173 4177 1289 4229 debetur
1307 4180 1370 4230 inst.
