3084 4868
263 364 422 425 Isso-ao
662 399 748 409 .-
792 365 811 427 3
855 397 940 410 ...-

261 553 373 634 populi
395 553 523 614 Romani
546 570 616 614 esse
638 553 798 614 iubentur.
837 561 869 615 et
890 555 969 615 haee
990 555 1033 614 ita
1047 553 1119 634 lege
1134 551 1221 615 Aelia
1236 555 1350 616 Sentia

263 640 480 720 conprehensa
503 645 586 700 sunt.
1533 632 1540 710 ij

212 725 253 787 28
353 727 479 803 [omnm
500 745 591 785 nonos
612 743 711 784 mruu
733 743 772 784 an
796 743 954 785 orvrrrrnn
967 743 1114 786 nonaum
1125 723 1328 806 maranum]
1337 721 1350 808 ΙΙ
1360 750 1439 802 pag.
1455 741 1477 786 7
1534 754 1540 795 a

262 813 362 872 Latini
390 829 468 872 uero
496 810 604 871 multis
634 809 735 871 modis
766 810 806 872 ad
840 813 997 872 ciuitatem
1027 813 1195 874 Romanam
1227 829 1348 889 perue-
1534 815 1540 838 '³

212 898 360 959 saniant.
407 897 515 959 Statim
543 898 625 958 enim
653 915 693 957 ex
720 896 791 976 lege
814 894 902 958 Aelia
924 899 1032 960 Sentio
1059 899 1195 958 minores
1218 899 1379 978 trigintaa

262 1001 417 1044 annorum
439 985 623 1044 manumissi
651 988 683 1043 et
704 984 803 1044 Latini
830 983 901 1043 faeti
926 985 952 1044 si
977 1001 1094 1045 uxores
1118 983 1267 1045 duxerint
1291 984 1348 1044 uel

262 1071 351 1130 oiues
374 1070 526 1132 Romanas
555 1069 610 1130 uel
632 1070 755 1130 Latinas
783 1068 966 1130 coloniarias
995 1069 1049 1131 uel
1070 1069 1213 1130 eiusdem
1237 1069 1348 1131 condi-

262 1157 372 1234 cionis,
397 1157 486 1216 ouius
509 1162 540 1216 et
561 1156 621 1235 ipsi
648 1163 767 1234 essent,
795 1155 893 1236 idque
920 1157 1025 1216 testati
1055 1155 1173 1216 fuerint
1194 1155 1347 1217 adhibitis

261 1261 324 1302 non
346 1242 450 1303 minus
474 1259 569 1321 quam
592 1248 713 1320 septem
736 1241 871 1302 testibus
899 1241 1023 1302 ciuibus
1046 1243 1190 1302 Romanis
1212 1242 1348 1321 puberi-

260 1327 340 1406 bus,
369 1335 401 1388 et
429 1327 529 1388 filium
556 1329 805 1407 procreauerint‚
834 1346 905 1389 eum
928 1329 954 1389 is
977 1327 1059 1388 filius
1083 1328 1248 1388 anniculus
1272 1343 1397 1390 assero

262 1415 410 1494 eoeperit,
435 1413 528 1474 datur
551 1415 596 1476 eis
619 1420 758 1492 potestas
781 1431 839 1493 per
859 1432 928 1474 eam
943 1413 1046 1494 legem
1062 1413 1150 1474 adire
1165 1421 1346 1494 praetorem

260 1499 315 1561 uel
342 1501 373 1563 in
401 1500 572 1579 prouinciis
603 1499 784 1578 praesidem
813 1501 1008 1579 prouinciae,
1043 1507 1075 1561 et
1101 1500 1280 1579 adprobare
1308 1519 1345 1561 se

261 1605 302 1646 ex
323 1586 396 1667 lege
412 1583 500 1646 Aelia
520 1587 625 1647 Sentia
647 1605 780 1646 uxorem
804 1586 933 1648 duxisse
957 1592 988 1648 et
1011 1605 1051 1646 ex
1073 1604 1111 1647 ea
1133 1586 1233 1647 filium
1255 1587 1346 1646 anni-

265 1671 372 1732 oulum
394 1671 528 1748 habere;
552 1679 583 1732 et
606 1673 632 1732 si
654 1673 690 1752 is,
715 1670 800 1752 apud
825 1691 921 1752 quem
944 1690 1038 1732 eausa
1060 1672 1192 1752 probata
1215 1681 1278 1751 est,
1310 1672 1345 1733 id

260 1760 303 1818 ita
330 1775 401 1820 osse
423 1759 689 1838 pronuntiauerit‚
716 1765 792 1818 tuno
815 1760 935 1838 etipse
958 1759 1084 1819 Latinus
1108 1766 1139 1819 et
1159 1777 1241 1819 uxor
1263 1761 1343 1838 eius,
1358 1773 1395 1820 ⁴5

262 1846 288 1904 si
312 1845 432 1923 etipsa
457 1840 605 1926 <eiusdem
628 1843 810 1905 condicionis
834 1845 881 1924 sit,
906 1852 934 1905 et
951 1845 1044 1924 filios,
1067 1845 1096 1905 si
1113 1851 1140 1904 et
1154 1840 1233 1926 ipso>
1259 1845 1346 1906 eius-

211 1929 336 1990 30dem
369 1929 558 1990 condicionis
593 1931 646 2010 sit,
681 1933 767 1991 eiues
799 1931 927 1991 Romani
960 1948 1030 1991 esse
1063 1931 1220 1992 iubentur.
1267 1929 1343 1991 Ideo

262 2022 367 2076 autem
389 2018 421 2077 in
443 2015 687 2096 huiusvpersoroo
710 2015 882 2077 adiecimus
909 2018 953 2077 »si
976 2024 1008 2077 et
1025 2018 1094 2096 ipse
1111 2015 1254 2078 eiusdem
1270 2035 1345 2078 oon-

263 2101 392 2163 dioionis
426 2104 504 2181 sit«,
537 2104 611 2183 quia
638 2104 664 2163 si
689 2121 770 2163 uxor
793 2104 891 2163 Latini
920 2104 997 2163 oiuis
1026 2105 1163 2163 Romana
1191 2111 1252 2180 est,
1288 2105 1344 2183 qui

262 2207 303 2248 ex
325 2206 362 2248 ea
384 2190 533 2266 nascitur,
558 2208 598 2250 ex
612 2207 695 2249 nouo
712 2188 997 2267 senatusconsulto,
1021 2189 1108 2269 quod
1124 2196 1249 2250 auctore
1267 2187 1390 2249 diuoso

211 2273 246 2332 34
262 2273 417 2335 Hadriano
440 2275 556 2336 fantum
584 2281 644 2354 est,
675 2277 752 2336 ciuis
775 2277 931 2336 Romanus
954 2277 1101 2336 nascitur.
1151 2277 1215 2335 Hoc
1236 2282 1344 2336 tamen

261 2363 310 2422 ius
349 2361 571 2440 adipiscendae
604 2362 737 2422 ciuitatis
767 2363 924 2422 Romanae
959 2363 1080 2422 etiamsi
1113 2361 1172 2422 soii
1204 2362 1343 2422 minores

260 2448 386 2528 triginta
415 2466 568 2508 annorum
596 2449 779 2508 manumissi
807 2455 837 2508 et
865 2449 964 2509 Latini
992 2448 1063 2508 faoti
1092 2467 1132 2508 ex
1159 2447 1230 2528 lege
1253 2445 1345 2508 Aelia

261 2534 570 2612 Sentiahairuerunt,
587 2541 692 2594 tamen
703 2540 814 2613 postea
826 2534 1109 2604 senatusconsulto,
1127 2532 1213 2613 qnod
1226 2535 1343 2614 Pegaso

262 2626 293 2680 et
313 2621 446 2681 Pusione
470 2619 655 2681 oonsulibus
678 2621 795 2680 factum
818 2628 882 2700 est,
907 2621 1000 2680 etiam
1022 2619 1194 2680 maioribus
1216 2621 1344 2700 triginta
1354 2632 1386 2679 ss

211 2703 415 2766 32annorum
437 2707 636 2767 manumissis
652 2707 766 2766 Latinis
789 2706 878 2767 factis
902 2723 1085 2766 conoessum
1102 2712 1157 2766 est.
1197 2705 1344 2766 Ceterum

262 2793 383 2852 etiamsi
405 2798 477 2852 ante
501 2791 674 2852 decesserit
694 2793 834 2870 Latinus,
859 2810 954 2872 quam
977 2791 1114 2852 anniculi
1136 2791 1192 2851 filii
1215 2809 1343 2852 oausam

261 2875 455 2956 probauerit,
485 2883 589 2955 potest
617 2885 717 2937 mater
748 2879 816 2938 eius
844 2895 971 2938 oausam
997 2877 1150 2956 probare,
1181 2885 1212 2938 et
1239 2879 1284 2941 sio
1311 2886 1343 2939 et

261 2963 330 3040 ipsa
345 2961 399 3022 fiet
414 2961 426 3042 i}
443 2964 520 3022 ciuis
536 2965 682 3042 Romana,
706 2965 732 3024 si
747 2965 854 3024 Latina
877 2964 972 3024 fueri-t
1350 2985 1414 3036 pag.
1435 2979 1454 3024 8

264 3081 329 3090 —
339 3043 1321 3127 i—permissum—————-—-—-
1338 3045 1385 3127 i³⁰

269 3131 1340 3219 *quibusdam—*ml

1463 2519 1473 2544 Ι

330 3357 344 3402 3
371 3355 504 3404 rubricam
528 3357 557 3404 in
583 3355 707 3417 inferiora
726 3357 841 3417 popinae
863 3359 956 3407 codicis
982 3361 1072 3408 semtoo
1096 3359 1216 3420 morpmo
1242 3358 1342 3407 addidit

268 3421 298 3474 Οἳ
321 3422 332 3485 ΙΙ
359 3437 449 3481 orrens
484 3435 560 3474 uonrs
591 3425 720 3486 suppleuit
752 3423 881 3474 Goesohm
904 3424 917 3488 ΙΙ
945 3431 958 3476 5
990 3440 1022 3476 ex
1057 3427 1117 3490 lege
1145 3425 1221 3476 Aelia
1250 3427 1342 3475 sentia

260 3493 401 3557 Potoraor,
422 3505 455 3542 ex
473 3493 532 3555 lege
550 3492 625 3542 Aelia
638 3493 728 3542 sentia
748 3497 858 3542 cautum
877 3497 916 3544 est
934 3497 965 3544 ut
985 3495 1004 3545 0
1022 3495 1064 3559 (ero
1081 3495 1253 3558 ptossemoto),
1274 3494 1340 3556 coos.

260 3563 295 3610 od
311 3575 380 3612 arom.
399 3565 426 3610 tt
449 3558 459 3627 ΙΙ
477 3563 588 3611 ciuitate
611 3575 723 3611 romana
748 3559 779 3611 02
802 3561 813 3624 ΙΙ
838 3567 851 3610 7
871 3565 947 3613 ciues
966 3576 1091 3614 romanas
1109 3564 1155 3614 uel
1175 3564 1273 3613 latinas
1299 3561 1338 3621 02,

260 3631 350 3680 ciuem
368 3643 509 3680 romanam
532 3630 644 3680 latinam
666 3629 695 3680 01
720 3629 732 3694 ΙΙ
758 3634 771 3679 8
792 3635 818 3680 et
838 3631 980 3697 Goosciron,
1004 3634 1028 3682 ei
1053 3632 1072 3682 C
1096 3631 1107 3695 ΙΙ
1133 3637 1161 3681 it
1187 3633 1269 3681 uerbo
1291 3645 1341 3696 per

261 3711 321 3747 eam
340 3700 427 3762 legem
446 3704 577 3761 tamquam
594 3701 722 3762 qlossomo
740 3701 806 3749 delet
824 3701 964 3765 Poteram,
987 3707 1075 3752 tratur
1092 3703 1233 3751 Mommsen
1251 3702 1340 3751 doletis

258 3781 339 3817 uersu
351 3775 366 3818 a
378 3768 465 3818 uerbis
477 3781 510 3817 er
522 3769 581 3830 lego
590 3768 665 3818 Aelia
675 3769 764 3818 sentia
777 3767 788 3830 ΙΙ
801 3772 832 3817 is
844 3770 1003 3832 prouinciae
1017 3769 1054 3834 01,
1067 3771 1273 3834 prouinciarum
1285 3767 1339 3832 02¹¹,
1397 3779 1402 3786 ·

260 3836 326 3898 conf.
350 3836 382 3886 ΟΒ
396 3850 458 3900 pop.
473 3840 523 3890 289
536 3836 548 3900 ΙΙ
560 3840 591 3885 43
607 3839 697 3887 sentia
709 3838 830 3900 uxorem]
852 3843 912 3887 sont
929 3841 946 3888 a
965 3839 992 3900 (i.
1008 3852 1028 3888 e.
1048 3840 1135 3889 sentia
1153 3835 1226 3901 auti)
1244 3851 1340 3888 xorem

260 3905 310 3966 (oet
321 3905 421 3968 aorem)
439 3905 477 3967 01,
499 3910 565 3954 sent.
579 3902 717 3972 aiuxorem
733 3904 762 3956 02
773 3909 783 3972 ss
794 3920 827 3955 ex
839 3919 872 3956 ea
886 3903 923 3968 Οἳ,
941 3920 973 3956 ea
989 3902 1040 3974 ⁰¹ii
1056 3911 1087 3956 it
1101 3909 1124 3957 is
1138 3921 1171 3957 oro
1183 3907 1225 3956 his
1238 3920 1340 3956 correo·

260 3977 315 4022 tom
327 3972 346 4023 C
358 3971 367 4038 ΙΙ
382 3979 411 4023 ta
423 3975 524 4024 latinus
537 3973 575 4039 01,
586 3974 687 4025 latinus
697 3975 824 4025 iunianus
837 3973 868 4024 02
880 3973 889 4039 ii
903 3971 969 4041 asi>
979 3977 1077 4026 addidit
1086 3978 1228 4026 Mommsen
1238 3973 1249 4041 ΙΙ
1266 3979 1296 4024 48
1311 3977 1339 4024 in

260 4041 341 4090 huius
358 4042 486 4106 persona]
507 4043 572 4105 rorat.
588 4043 642 4106 0³11
656 4043 773 4107 asquia]
795 4039 862 4106 qui?
883 4043 970 4107 01192
989 4045 1040 4094 soli
1058 4045 1200 4107 Gaesarem
1219 4045 1287 4095 socii
1301 4043 1338 4108 0¹,

260 4110 354 4160 deleuit
369 4108 417 4162 62?
430 4110 441 4172 ΙΙ
454 4114 485 4160 24
499 4113 744 4174 senatusconsulto]
763 4112 829 4173 conf.
846 4111 877 4162 θ’ι
892 4125 953 4176 pop.
970 4116 1021 4163 305
1040 4127 1109 4166 roera.
1122 4119 1154 4168 tr
1168 4113 1179 4176 ΙΙ
1192 4117 1223 4162 aa
1237 4113 1285 4163 filii
1301 4109 1338 4176 02,

260 4175 299 4226 fili
320 4177 349 4227 0¹
371 4179 383 4242 ΙΙ
407 4179 581 4244 reprobarit
600 4178 754 4245 m,prebet
774 4180 812 4230 01.
