3084 4868
681 400 766 412 ·-·-
812 383 904 426 nint
949 397 1034 408 ····

323 560 464 634 possunt.
515 553 595 614 sIout
623 554 719 633 enim,
750 555 776 620 si
807 551 986 633 extranleac
1013 550 1112 635 lines]
1134 548 1139 636 Ι
1163 552 1262 614 semel
1290 553 1405 616 adierit

322 639 542 717 hereditatem,
571 639 633 698 iam
655 646 789 718 tenetur,
813 641 853 702 ite
878 647 909 700 et
930 655 1008 701 suus
1030 640 1133 719 heres,
1162 640 1190 701 si
1212 636 1323 720 [semel]
1343 636 1348 723 Ι
1368 659 1403 701 se

322 726 496 803 miscuerit,
532 723 709 786 omnimodo
741 724 910 786 tenebitur.
963 725 1050 806 quod
1083 725 1156 786 iacit
1187 727 1219 786 in
1253 732 1404 787 extraneo

322 807 448 892 [aditio],
467 807 472 893 Ι
492 811 550 870 hoe
573 810 646 871 iacit
667 812 698 871 in
721 827 779 872 suo
794 810 923 891 herede,
947 813 973 872 si
996 829 1030 872 se
1050 811 1212 873 miscuerit
1233 810 1325 873 honis
1346 831 1404 892 pn·

322 897 427 958 rantis.
474 913 548 976 ergo
570 893 611 976 [si
631 893 707 977 uolt]
726 893 731 979 Ι
750 915 813 958 non
837 899 946 977 teneri,
977 897 1017 958 ab
1041 898 1126 958 initio
1149 915 1184 958 se
1207 896 1427 959 abstinentes

323 983 414 1044 bonis
436 982 584 1061 parentis.

271 1069 310 1130 26
406 1067 463 1130 Vel
487 1065 679 1148 extrloneuo]
697 1062 702 1150 Ι
722 1074 758 1129 ut
779 1067 891 1129 adierit
913 1067 1134 1148 hereditatem,
1165 1075 1269 1148 potest
1297 1071 1327 1129 in
1356 1071 1404 1130 in-

322 1163 446 1236 tegrum
462 1155 595 1234 restitui,
618 1160 654 1215 ut
667 1161 779 1236 postea
794 1153 957 1216 abstineat.
990 1172 1063 1215 nem
1079 1153 1122 1234 sle'
1135 1151 1246 1235 minor]
1265 1150 1270 1238 Ι
1290 1157 1331 1216 sit
1345 1174 1405 1216 xxv

322 1258 485 1319 annorum,
496 1239 592 1301 habet
603 1239 751 1321 generale
759 1239 950 1301 beneficium
961 1241 994 1301 in
1003 1243 1161 1322 integrum
1172 1241 1402 1320 restitutionle's,

322 1326 400 1407 qnod
420 1322 608 1408 pollilicetur
628 1331 756 1406 praeter
773 1326 868 1388 huius
891 1327 1000 1388 aetatis
1022 1325 1211 1388 hominibus.
1249 1345 1322 1387 nam
1345 1328 1443 1387 mi-to

321 1429 414 1474 nores
436 1430 493 1472 xxv
513 1411 678 1492 an[noram
693 1409 746 1490 -]
770 1408 774 1492 Ι
794 1413 849 1492 qui
872 1415 916 1473 sic
938 1419 1072 1491 possunt
1093 1414 1217 1473 circuiri
1231 1445 1274 1456 —
1288 1429 1403 1494 magno

321 1516 379 1579 per
401 1499 510 1560 aetatis
532 1495 760 1578 imbecilll--]
780 1493 786 1579 Ι
806 1495 1009 1580 enoreturitil
1025 1500 1056 1558 in
1073 1497 1198 1576 demna,
1220 1499 1271 1560 isti
1291 1501 1404 1559 minori

321 1583 488 1664 pollicetur
501 1588 629 1664 praetor
644 1581 857 1665 generalla'ter]
876 1579 881 1666 Ι
900 1585 932 1644 in
946 1586 1104 1664 integrum
1116 1585 1356 1662 restitutionem,
1368 1591 1404 1645 ut

321 1671 348 1732 si
370 1669 448 1751 quid
469 1687 638 1750 perperam
660 1670 761 1730 minor
783 1669 933 1751 gesselrit
951 1671 984 1731 in
1009 1667 1186 1752 inteltgrum
1208 1671 1401 1731 restituetur.

321 1755 481 1818 interdum
494 1772 661 1836 perperam
676 1754 788 1817 uendit
804 1773 871 1818 rem
887 1773 990 1818 suam:
1006 1762 1111 1836 potest
1124 1754 1263 1835 restitlni
1276 1774 1296 1816 a
1309 1766 1442 1835 praete

322 1839 394 1922 tere]
414 1837 419 1924 Ι
438 1841 493 1904 uel
515 1859 533 1902 a
554 1839 711 1922 praeside,
735 1843 761 1902 si
784 1841 929 1904 ostendet
950 1859 985 1904 se
1007 1843 1167 1903 minorem.

270 1921 311 1984 27
406 1928 489 2008 Ergo
517 1928 608 1988 sicuti
637 1929 748 1988 ceteris
777 1926 982 2009 eminentior]
1004 1923 1009 2011 Ι
1028 1929 1061 1989 ἰιι
1083 1929 1196 1989 coieris
1222 1929 1339 2008 causis,
1370 1929 1403 1988 in

321 2015 478 2096 integrum
497 2013 701 2075 restitutionis
717 2013 870 2076 auxilium
889 2020 1026 2076 meretur
1047 2012 1167 2094 [minor,
1191 2010 1229 2094 si]
1248 2011 1254 2096 Ι
1273 2015 1403 2095 ignarus

323 2099 505 2161 damnosam
519 2099 725 2161 hereditatem
745 2099 975 2162 inconsiderate
990 2098 1110 2162 adierit.
1142 2097 1249 2181 [potest
1263 2095 1403 2182 dicellre:

322 2187 349 2248 si
370 2187 469 2247 maior
491 2203 605 2266 essem,
633 2185 722 2264 prius
745 2185 981 2267 deliberassem,
1004 2187 1094 2265 prius
1117 2187 1312 2267 quaesissem
1333 2183 1442 2266 n[ectt

321 2267 544 2355 bereditafltem
573 2271 734 2348 adiissem3
764 2271 858 2334 modo
885 2290 944 2352 per
971 2270 1178 2334 inconsultam
1200 2277 1334 2334 aetatem
1356 2278 1404 2332 te·

322 2375 408 2419 mere
432 2357 521 2439 adlit.
546 2355 624 2438 peto]
646 2359 679 2418 in
700 2359 857 2440 integrum
879 2359 1010 2420 restitui.
1048 2358 1116 2438 hoc,
1141 2356 1228 2439 quod
1250 2356 1326 2419 dicit
1348 2375 1404 2419 ex·

321 2451 463 2524 trancas,
492 2451 597 2524 potest
623 2445 724 2504 minor
754 2442 843 2526 su[os
870 2441 1000 2524 atellei
1026 2450 1145 2507 temere
1175 2461 1211 2506 se
1239 2445 1403 2506 miscuerit

321 2530 412 2592 bonis
434 2531 583 2611 paternis.

270 2611 310 2674 28
407 2616 498 2689 Quod
521 2618 548 2678 si
563 2617 661 2677 maior
677 2613 796 2696 [feerit]
817 2612 821 2699 Ι
842 2623 1011 2678 extraneus
1034 2615 1089 2696 qui
1112 2614 1224 2677 adierit
1246 2615 1299 2676 uel
1323 2631 1402 2676 suus
1412 2625 1442 2670 ti

321 2704 376 2783 qui
404 2704 566 2763 misouerit
591 2720 625 2764 se
653 2700 760 2781 bonis,
790 2699 832 2782 [in
855 2699 1016 2783 intepnam]
1034 2699 1040 2784 Ι
1058 2702 1181 2762 restitui
1203 2719 1265 2762 non
1288 2708 1401 2781 potest,

321 2787 497 2848 omnimodo
530 2794 657 2850 tenetur
685 2787 834 2848 oneribus
864 2786 1064 2867 hereditatis,
1098 2785 1185 2868 quod
1219 2785 1309 2848 deest
1340 2784 1405 2866 i[lle'

321 2869 532 2954 beneficdlum,
564 2891 623 2934 nec
657 2879 760 2951 potest
789 2873 911 2952 maiori,
946 2874 1006 2935 nisi
1035 2873 1214 2934 exhibuerit
1242 2871 1401 2933 interdum

320 2960 419 3020 iustas
449 2975 560 3019 causas
591 2953 713 3040 Ι--ΙΙ

220 3103 223 3110 .
322 3042 371 3105 ale
393 3043 584 3106 beneficium
607 3041 739 3126 d[-J
758 3041 764 3127 Ι
783 3062 837 3106 eos
860 3044 989 3126 quidem
1011 3045 1070 3108 hoc
1092 3045 1248 3125 contingit.
1410 3051 1439 3098 aa

270 3123 326 3186 29.
409 3129 558 3210 Quidam,
587 3147 659 3191 cum
680 3131 779 3192 maior
808 3137 894 3192 esset
914 3137 1028 3210 aetate,
1057 3136 1164 3192 eontra
1185 3124 1399 3211 opinle'onemll

321 3214 398 3278 adiit
418 3215 633 3296 hereditatem,
656 3233 752 3296 quem
767 3215 899 3296 putabat
919 3234 982 3277 non
1005 3234 1075 3278 esse
1098 3215 1290 3277 damnosam.
1327 3213 1400 3275 ideo

390 3395 424 3445 ad
443 3395 459 3457 ξ
476 3397 580 3444 sti-aa
599 3393 669 3446 coni.
689 3396 745 3445 Gai.
764 3399 788 3460 2,
808 3398 865 3444 tit.

389 3571 483 3608 aereas
501 3561 524 3608 4.
544 3561 567 3608 i.
588 3562 611 3608 t.
630 3561 653 3607 ’4.
673 3561 696 3607 8.
716 3559 756 3606 tt.
776 3560 817 3606 te.
836 3559 877 3606 48.
896 3559 1006 3606 20-28.
1025 3559 1125 3606 25-28
1139 3558 1252 3618 capuan
1267 3556 1399 3607 Chatelain

319 3625 330 3693 ΙΙ
352 3630 366 3676 't
389 3639 437 3688 pre
458 3625 503 3676 uel
528 3627 555 3689 (ir
576 3625 605 3689 ΔΙ
629 3629 774 3676 extraneus
796 3629 826 3675 ut
848 3629 966 3686 caecatae
987 3624 1053 3687 fere:
1078 3625 1154 3688 [suus
1177 3626 1256 3675 heres
1282 3625 1348 3675 lieet
1370 3637 1398 3674 se

321 3696 462 3745 misouerit
479 3693 633 3757 hereditati]
655 3695 696 3745 uel
717 3698 860 3744 extraneus
879 3694 940 3744 iicet
953 3693 992 3756 ll⁸
1010 3698 1040 3742 ut
1056 3698 1150 3757 postea
1173 3695 1321 3744 dubitanter
1338 3694 1399 3756 tepit

323 3763 455 3814 Chatelain
471 3763 482 3827 ΙΙ
501 3768 514 3812 8
530 3763 586 3827 xxv]
602 3763 665 3814 xxd
681 3763 692 3826 ΙΙ
711 3767 739 3812 44
756 3763 814 3826 nv]
835 3775 875 3812 xxa
893 3761 979 3824 ΑΙ44
999 3764 1026 3811 et
1045 3766 1075 3812 tt
1098 3775 1242 3826 perperam
1264 3761 1399 3813 Chatelain

321 3833 382 3896 lenit
404 3835 438 3882 ad
460 3834 611 3883 anmeeni
638 3835 812 3883 coniectarent
833 3832 844 3895 ΙΙ
867 3835 901 3880 46
926 3832 1031 3881 minore
1052 3830 1073 3880 A
1093 3831 1104 3894 ΙΙ
1125 3835 1157 3880 ta
1181 3831 1263 3881 sicuti
1291 3829 1399 3893 ceteris]

320 3901 402 3951 sicuti
419 3903 519 3952 minori
537 3906 655 3964 expectes
676 3902 686 3965 ΙΙ
710 3905 740 3950 48
759 3902 875 3951 meritur
893 3897 915 3950 Α
934 3896 945 3964 ΙΙ
959 3902 990 3948 ii
1014 3899 1096 3964 qued]
1115 3896 1199 3964 quia?
1258 3901 1291 3950 49
1310 3901 1397 3949 iustae

321 3983 419 4019 causae
434 3969 468 4020 A:
492 3971 603 4033 soriam
622 3975 723 4021 retenta
740 3970 788 4020 hae
809 3971 914 4020 tectione
935 3973 998 4019 anto
1019 3969 1155 4019 extiterint
1173 3981 1224 4030 pro
1244 3967 1399 4018 exhibuerit

320 4039 457 4101 tenendam
474 4043 519 4089 eet.
550 4043 609 4102 post
627 4051 726 4090 causas
745 4043 863 4101 expectes
881 4036 1023 4088 subueniri
1047 4051 1097 4102 per
1119 4037 1148 4088 in
1166 4039 1301 4100 integrum
1319 4037 1398 4088 resti·

320 4107 453 4156 tutionem
474 4134 574 4144 --—
591 4108 731 4172 imperiale
750 4105 912 4158 beneficium
932 4104 945 4170 Ι
968 4109 999 4156 ³⁰
1023 4105 1078 4170 eos]
1101 4109 1139 4156 sic
1158 4106 1201 4156 aet
1223 4103 1305 4154 terei
1328 4104 1340 4167 ΙΙ
1365 4107 1392 4152 et

321 4175 477 4240 opinionem
503 4175 650 4238 Chatelain;
673 4176 785 4237 sortasse
807 4176 964 4238 opinionem
987 4175 1149 4226 damnosam
1173 4174 1335 4224 scribendam
1352 4177 1396 4224 est.
