3084 4868
217 526 247 567 io

1220 702 1480 714 ——n——————

218 794 248 838 ⁴²
628 749 1132 872 sie-{essiepuepinre
1389 836 1480 846 ...ἐ

319 895 329 939 4
353 891 396 940 hic
414 904 511 940 uersus
530 891 603 942 nulio
624 892 704 941 modo
722 891 757 940 ab
776 872 939 973 δυῃθῖ
955 891 1109 956 incipiebat,
1129 904 1180 941 nec
1198 893 1285 953 magis
1303 890 1390 954 apud

319 990 393 1026 eum
418 977 472 1026 eui
495 979 712 1042 mancipatus
737 979 789 1028 est
810 976 896 1027 uerba
920 978 947 1026 in
972 977 1022 1025 hoc
1046 990 1129 1027 uersu
1150 976 1280 1026 uidentur
1302 977 1390 1025 extare

320 1062 446 1124 potuisse.
486 1065 495 1107 4
524 1063 602 1110 tertie
627 1062 715 1112 littera
736 1063 784 1111 uix
801 1063 829 1119 Ῐ
846 1061 903 1112 fuit.
941 1065 1024 1124 2444
1044 1063 1103 1120 co
1128 1062 1224 1111 litteris
1242 1061 1392 1111 incertissi-

319 1146 371 1195 mis
389 1146 422 1195 de
440 1147 520 1196 unico
540 1149 587 1204 m
607 1160 661 1196 non
678 1147 788 1197 uidetur
806 1146 919 1210 cogitari
938 1159 1016 1210 posse

388 1300 417 1348 in
436 1301 585 1362 posteriore
603 1301 717 1364 paginae
730 1303 761 1348 36
780 1302 857 1365 perte
874 1313 982 1361 eorum,
1003 1301 1118 1363 quaein
1140 1300 1197 1363 Dig.
1216 1303 1244 1362 4,
1265 1303 1294 1360 4,
1315 1302 1346 1348 23
1365 1300 1392 1347 44

319 1384 346 1432 in
364 1384 429 1432 inst.
452 1389 475 1445 4,
496 1387 538 1444 42,
560 1389 573 1433 4
593 1385 689 1434 tradite
709 1387 778 1446 sunt,
797 1384 902 1434 nulium
919 1386 1065 1448 uestigium
1083 1385 1111 1434 in
1130 1385 1224 1435 codice
1242 1385 1367 1448 apperuit

387 1533 445 1583 pag.
467 1524 509 1580 38,
530 1524 543 1568 8
563 1533 597 1569 ne
616 1533 688 1570 nune
707 1520 818 1583 quidem
838 1521 984 1584 quiequam
1003 1520 1137 1584 dispicere
1154 1522 1230 1584 potui

386 1686 445 1736 pag.
460 1676 501 1732 46,
517 1676 548 1720 42
566 1673 593 1722 in
612 1672 666 1722 fine
688 1638 853 1746 [Ι-’ἓζζιῐ
866 1674 957 1738 potius
970 1686 1052 1737 quam
1074 1639 1241 1750 [Ιὲἓῇτέ
1257 1673 1284 1721 in
1298 1673 1391 1722 codiee

320 1757 428 1807 uidetur
452 1757 548 1816 tuisse,
576 1772 741 1822 quamquam
765 1759 834 1808 duee
856 1758 967 1809 ultimae
991 1757 1124 1810 litterulae
1147 1771 1163 1809 4
1185 1771 1215 1808 τι
1242 1757 1391 1806 litterarum

320 1841 405 1891 forma
426 1841 497 1891 haud
516 1842 594 1904 longe
612 1842 744 1892 recedunt

387 1989 446 2041 pag.
459 1980 498 2039 46,
512 1981 543 2026 43
563 1979 669 2028 initium
688 1991 760 2028 nune
778 1978 829 2042 legi
848 1980 941 2042 nequit

387 2126 447 2177 pag.
462 2115 501 2176 44,
516 2117 542 2163 44
565 2116 593 2164 44
611 2117 651 2176 43,
668 2117 681 2161 3
702 2114 781 2164 ieetio
800 2118 873 2165 certa
892 2117 934 2164 est

387 2279 446 2328 pag.
460 2267 500 2330 48,
516 2270 547 2314 43
566 2268 594 2315 in
612 2266 665 2315 fine
687 2233 1134 2346 mpussessu'·[iss·ne
1151 2268 1270 2317 extitisse
1281 2269 1339 2317 ueri
1351 2270 1392 2317 est

320 2350 487 2400 simillimum

388 2516 446 2567 nee.
463 2509 503 2567 48,
519 2508 549 2553 ee
569 2505 596 2554 in
614 2504 666 2555 fine
684 2507 742 2568 iege
761 2463 976 2566 λωιῃξῑ

387 2670 446 2721 pag.
467 2659 507 2718 43,
528 2662 554 2706 44
585 2661 700 2723 septima
718 2660 807 2708 littere
824 2658 898 2707 nulio
917 2657 997 2706 modo
1017 2662 1044 2717 e
1064 2657 1122 2720 fuit,
1143 2671 1176 2708 ec
1193 2670 1227 2707 ne
1248 2659 1260 2715 1
1282 2657 1391 2720 quidem

319 2741 428 2790 uidetur
446 2739 529 2791 tuisse

387 2886 446 2937 pag.
466 2879 506 2934 54,
527 2879 540 2924 4
564 2879 637 2927 certo
661 2879 766 2927 constat
788 2879 816 2927 in
839 2877 892 2928 fine
915 2881 978 2942 post
1001 2891 1031 2928 ei
1058 2891 1206 2942 numquam
1233 2881 1390 2944 {scriptum

320 2957 403 3008 fuisse

388 3107 447 3158 pag.
461 3099 503 3154 54,
517 3098 548 3142 23
568 3097 748 3146 extremarum
767 3096 916 3147 litterarum
935 3098 1014 3149 lectio
1034 3102 1106 3150 certe
1125 3102 1166 3150 est

387 3294 446 3344 pag.
461 3284 501 3342 52,
518 3285 549 3330 46
567 3283 629 3345 post
648 3215 891 3348 φλεςυιξ
912 3286 1031 3336 extitisse
1050 3280 1255 3348 &meme
1274 3291 1334 3340 ueri
1351 3293 1393 3340 est

320 3366 504 3500 piiniiiimum3
531 3378 595 3416 sane
614 3371 720 3418 constat
740 3382 791 3433 pro
811 3363 986 3430 λυῐθα)
1005 3384 1059 3420 non
1080 3373 1240 3454 4161100
1261 3376 1391 3439 scriptum

332 3464 403 3501 uisse

386 3601 446 3653 nae·
462 3592 508 3648 44,
524 3593 554 3638 ⁴⁷
574 3591 636 3640 ante
888 3593 978 3654 potest
997 3571 1390 3673 utepemiutem

319 3673 347 3720 in
366 3673 460 3723 codice
479 3672 571 3735 fuisse,
591 3687 646 3724 non
665 3677 754 3740 potest
774 3655 1125 3758 uBeRemUGRO

386 3839 445 3890 pag.
459 3831 501 3889 55,
516 3831 543 3876 24
567 3829 667 3878 exitum
686 3841 720 3878 ne
738 3842 811 3880 nunc
829 3829 939 3892 quidem
958 3829 1045 3892 legere
1062 3831 1138 3894 potui

386 3991 444 4042 pag.
467 3983 512 4042 56,
535 3984 548 4029 3
573 3981 660 4031 4444444
685 3981 783 4044 dubia,
810 3995 890 4045 quem
916 3982 980 4031 oiim
1000 3993 1047 4022 τ
1067 3982 1149 4034 tuisse
1168 3985 1285 4047 conieci,
1304 3989 1393 4050 potest

319 4063 400 4111 etiam
468 4063 551 4114 fuisse
