3094 4860
340 377 543 439 resera-rso
726 413 811 424 -.
854 381 894 444 32
938 417 1024 428 —1

341 568 466 644 petione
489 573 606 628 exeunt
628 566 668 629 de
690 569 787 647 patris
810 576 960 648 potestate
1172 579 1415 659 -Ι--.

520 655 731 716 manumissae
761 655 878 716 fuerint
900 675 914 718 s
1175 653 1416 736 ΙἪ

271 908 329 967 433
339 909 1008 975 ——---——-——Admonendt
1034 923 1133 976 antem
1154 933 1260 977 snmus
1283 916 1439 984 tibernms

340 1013 403 1056 esse
425 995 587 1057 arbitrium
609 999 639 1058 ei
651 999 704 1078 qni
713 999 812 1077 fitium
827 1007 854 1059 et
869 1017 911 1060 em
925 1018 957 1059 eo
972 1007 1105 1080 nepotem
1120 1001 1153 1061 in
1166 1009 1309 1080 potestate
1323 1003 1416 1064 tabe-

340 1080 388 1160 bit,
410 1082 506 1160 filiam
529 1082 646 1163 quidem
668 1083 704 1144 de
723 1091 868 1163 potestate
889 1085 1048 1160 dimittere,
1074 1094 1207 1166 nepotem
1222 1107 1299 1150 aero,
1312 1091 1345 1150 tn
1358 1109 1415 1170 po-

340 1173 441 1228 testate
460 1169 607 1244 retr'nere,·
632 1169 682 1230 net
696 1187 738 1230 eae
753 1169 874 1232 diuerso
887 1171 984 1251 filiam
1000 1171 1119 1252 quidem
1134 1175 1166 1233 in
1178 1181 1324 1254 potestate
1339 1179 1415 1236 reii-

338 1271 420 1334 nere,
442 1262 575 1334 nepotem
596 1273 669 1315 nero
691 1257 912 1337 manumittere,
935 1258 985 1319 aet
1006 1277 1106 1319 omnes
1122 1261 1174 1320 sni
1188 1262 1267 1322 inris
1283 1259 1411 1340 efficere.

269 1339 442 1484 ⁴34eadem
465 1347 492 1401 et
513 1340 549 1401 de
567 1349 730 1421 pronepote
753 1342 833 1404 dicta
855 1361 918 1404 esse
941 1343 1153 1425 intellepemns.
1425 1368 1454 1412 ro

338 1544 389 1556 ...-

337 1593 347 1680 ΙΙ
368 1605 400 1658 44
415 1599 496 1660 duae
511 1599 742 1662 intercedentes
758 1603 1016 1662 manumissiones
1031 1601 1165 1680 proinde
1181 1603 1268 1681 liunt,
1292 1620 1329 1663 ae
1345 1603 1477 1686 fieripag,
1489 1623 1512 1667 ar

339 1684 448 1764 solent,
473 1705 544 1746 cum
566 1688 609 1745 ita
632 1705 704 1747 eum
725 1693 815 1766 pater
838 1685 878 1747 de
894 1693 1047 1765 potestate
1063 1687 1196 1767 dimittit,
1220 1695 1255 1748 nt
1269 1691 1319 1749 sui
1335 1690 1413 1750 iuris

339 1771 501 1832 efficiatur.
549 1771 663 1832 deiude
687 1779 741 1833 aut
763 1773 843 1852 patri
865 1774 1105 1852 remancipatur,
1131 1781 1161 1833 et
1183 1773 1223 1834 ab
1247 1793 1284 1836 eo
1306 1777 1333 1835 is
1357 1777 1450 1854 quire

339 1856 467 1936 adoptat
496 1857 634 1918 uindicat
660 1858 748 1938 apud
770 1865 947 1937 praetorem
969 1858 1068 1919 lilium
1092 1877 1185 1920 suum
1208 1878 1288 1939 esse,
1312 1868 1345 1921 et
1359 1861 1411 1922 illo

339 1949 445 2004 eontra
466 1962 528 2004 non
550 1943 728 2004 uindicante
752 1939 805 2025 (a)
827 1951 971 2024 praetore
995 1944 1164 2005 uindicanti
1187 1945 1271 2006 filius
1293 1945 1412 2007 addici·

337 2035 405 2104 tur;
428 2036 565 2090 autnon
587 2033 819 2109 remancipatam
841 2032 930 2110 patri,
956 2030 1008 2090 sed
1030 2030 1070 2091 ab
1094 2050 1130 2092 eo
1153 2031 1292 2092 uindicat
1314 2034 1340 2093 is
1358 2035 1413 2113 qui

338 2114 478 2195 adoptat,
512 2115 594 2196 apud
623 2135 716 2196 quem
742 2118 774 2176 tn
801 2117 889 2176 tertia
916 2117 1142 2196 mancipatione
1165 2124 1227 2194 est;
1255 2116 1313 2178 sed
1337 2137 1413 2180 sane

405 2338 844 2401 §tsa=1)ig.t‚7,es;1nst.
866 2343 888 2401 t,
909 2341 948 2402 te,
968 2341 990 2387 7.

335 2455 1408 2474 VWWWVVMNNWMWWMNJWWMMWWWWWWWMW

337 2544 450 2594 masculi
469 2557 502 2593 ex
519 2543 576 2594 filio
595 2558 650 2594 una
668 2542 884 2606 emancipatione
902 2541 936 2590 de
953 2542 1039 2604 patris
1051 2541 1096 2590 uel
1109 2544 1152 2592 aui
1166 2544 1266 2592 exeunt
1277 2547 1411 2606 potestate

337 2615 364 2662 et
381 2615 421 2662 sui
440 2614 508 2662 iuris
526 2611 690 2662 efficiuntur.
731 2612 765 2660 Et
787 2610 815 2659 hi
837 2611 890 2673 ipsi
912 2610 1062 2672 quamlibet
1083 2624 1138 2660 una
1161 2611 1361 2674 mancipatione
1378 2613 1411 2662 de

337 2683 422 2746 patris
440 2682 485 2730 uel
507 2682 552 2731 eui
575 2683 709 2746 potestate
730 2682 839 2740 exeant,
866 2679 917 2728 nisi
936 2692 951 2728 a
973 2682 1049 2741 patre
1068 2678 1208 2730 fiduciario
1231 2683 1412 2746 remancipati

336 2749 437 2799 tuerint
454 2751 481 2799 et
499 2764 514 2799 a
532 2751 649 2800 naturali
664 2751 742 2813 patre
760 2748 932 2811 manumissi,
955 2748 1103 2797 succedere
1127 2750 1166 2798 eis
1184 2749 1317 2799 naturalis
1335 2756 1413 2814 pater

337 2832 391 2868 non
409 2820 507 2882 potest,
526 2820 578 2869 nisi
595 2818 763 2880 fiduciarius,
782 2830 797 2865 a
815 2829 870 2879 quo
888 2818 1048 2866 manumissi
1066 2813 1149 2883 sunit,
1173 2817 1352 2867 hereditatem
1371 2832 1412 2868 re-

336 2887 492 2952 pudiauerit
503 2889 551 2936 aut
563 2888 710 2937 decesserit
726 2887 769 2935 net
787 2887 881 2935 similia
890 2883 1043 2950 perierant).
1074 2886 1145 2936 Nam
1158 2887 1181 2935 si
1194 2887 1411 2950 remancipatam

337 2969 400 3004 eum
417 2955 471 3004 sibi
493 2957 624 3006 naturalis
640 2957 718 3020 pater
738 2955 784 3004 uel
806 2967 874 3004 auus
891 2955 1087 3018 manumiserit,
1107 2958 1165 3017 ipse
1183 2956 1208 3005 ei
1220 2957 1248 3004 in
1261 2955 1411 3006 hereditate

338 3023 467 3074 succedit.

406 3096 471 3140 ⁴-n
495 3091 561 3154 (post
578 3091 714 3155 potestate)
732 3091 819 3154 forma
839 3091 941 3140 Gaiano
963 3104 985 3140 e.
1004 3105 1029 3154 p.
1052 3091 1114 3140 boec
1130 3091 1211 3153 fnisse
1225 3097 1320 3153 potest:
1345 3095 1372 3143 et
1389 3094 1410 3142 si

337 3174 370 3210 ex
387 3173 419 3210 ea
437 3162 637 3225 mancipatione
653 3160 863 3211 manumisisse
880 3159 1009 3218 fuerint,
1026 3160 1070 3208 eui
1084 3161 1150 3209 iuris
1162 3157 1324 3211 efficiuntur.
1338 3162 1349 3224 41
1363 3167 1413 3210 5—

338 3234 369 3280 44
390 3230 571 3290 (Admonendi
582 3257 617 3266 -
629 3230 833 3293 intellegemus),
852 3233 961 3290 pannem
978 3229 1116 3277 uerborum
1133 3242 1180 3278 nee
1194 3230 1255 3278 noto
1273 3244 1321 3279 nec
1332 3233 1411 3280 nesti-

336 3301 408 3363 pinm
419 3303 448 3349 in
460 3301 552 3348 codicis
568 3298 587 3349 C
595 3301 694 3362 popina
705 3300 739 3347 44
751 3300 840 3359 dispici
850 3303 935 3359 potest
955 3296 1028 3359 (cens.
1045 3295 1104 3360 0⁸⁵),
1124 3310 1158 3346 ea
1172 3298 1229 3360 Dip.
1246 3299 1297 3358 (nbi
1311 3301 1411 3349 »Gaius

337 3368 383 3418 lib.
397 3370 406 3417 1
420 3369 499 3418 last«
513 3367 644 3429 tundetur)
663 3372 687 3417 et
699 3367 760 3417 lost.
773 3369 801 3416 in
810 3369 953 3429 posteriore
964 3367 1040 3415 baias
1056 3368 1169 3428 papinus
1184 3371 1261 3428 porte
1272 3368 1411 3418 inserenda

337 3451 392 3487 esse
408 3439 534 3488 intelteaeit
554 3437 682 3486 Goescten
693 3435 704 3498 ΙΙ
717 3439 783 3484 5-6
801 3435 972 3486 Admonendi
991 3438 1080 3483 autem
1100 3447 1194 3484 sumus
1212 3435 1332 3486 liberum
1351 3448 1411 3486 esse

336 3506 481 3556 arbitrium
500 3507 569 3570 inst,
588 3505 715 3555 liberum
733 3504 876 3554 arbitrium
894 3505 936 3554 est
954 3503 1011 3566 Dip.
1029 3503 1071 3565 116
1090 3507 1216 3566 nepotem
1235 3504 1302 3568 Dip,
1329 3517 1411 3568 nepo·

338 3579 392 3626 tem
410 3575 455 3624 uel
474 3580 582 3638 neptem
602 3575 662 3624 lnst.
675 3574 686 3638 ΙΙ
700 3579 713 3622 4
734 3574 767 3624 (14
784 3574 919 3638 potestate
932 3574 1002 3636 lost,
1021 3573 1153 3635 potestate
1167 3573 1224 3636 Dip.
1237 3571 1250 3635 ΙΙ
1261 3585 1329 3622 uero
1343 3574 1410 3637 Dip,

337 3657 403 3693 uero
421 3643 466 3694 uel
485 3649 594 3707 neptem
613 3643 673 3693 inst.
697 3639 707 3708 ΙΙ
731 3647 745 3692 8
763 3643 808 3692 uel
827 3643 896 3706 Dia,
916 3643 943 3692 et
961 3641 1021 3690 lnst.
1043 3636 1053 3705 ΙΙ
1077 3643 1091 3688 9
1109 3653 1175 3690 uero
1194 3642 1261 3706 Dip,
1280 3655 1348 3692 uero
1366 3643 1411 3692 uel

338 3717 446 3777 neptem
466 3713 528 3762 inst.
545 3710 556 3779 ll
578 3716 592 3762 9
611 3713 655 3762 uel
668 3737 699 3749 -
714 3714 744 3760 m
763 3710 950 3773 intellegemus
964 3708 1031 3774 Dip,
1050 3709 1144 3758 eadem
1163 3713 1190 3760 44
1208 3710 1242 3760 de
1260 3713 1411 3774 pronepote

336 3782 381 3830 uel
399 3789 529 3846 pronepte
548 3782 620 3832 dicta
643 3794 702 3831 esse
728 3779 929 3842 intellegantur,
955 3777 1001 3826 uel
1029 3790 1125 3828 omnes
1148 3780 1190 3828 sui
1214 3780 1281 3828 iuris
1303 3778 1410 3828 allicere

338 3850 398 3899 inst.
420 3848 430 3916 ΙΙ
453 3853 483 3898 43
507 3856 566 3900 ante
584 3853 610 3900 et
628 3850 698 3900 duae
714 3851 886 3911 praecessisse
904 3848 956 3896 tale
979 3847 1051 3906 qnid:
1076 3848 1216 3896 Praeterea
1234 3851 1362 3910 parentes
1381 3848 1411 3896 li·

338 3917 412 3968 beris
435 3921 462 3968 in
485 3920 658 3983 adoptionem
682 3919 752 3968 datis
775 3919 803 3966 in
825 3918 958 3981 potestate
980 3927 1027 3963 eos
1046 3913 1146 3966 babere
1166 3916 1302 3966 desinunt.
1340 3919 1367 3966 et
1383 3917 1410 3965 in

337 3985 392 4035 filio
410 3988 529 4052 quidem,
548 3989 571 4037 si
590 3990 618 4036 in
636 3988 810 4052 adoptionem
827 3986 915 4048 datur,
933 3987 988 4032 tres
1008 3985 1219 4048 mancipationes
1230 3988 1330 4036 censuit
1344 3986 1410 4035 Goe-

338 4055 487 4118 retenuit
507 4061 538 4106 ut
557 4055 697 4120 Geescben,
715 4059 762 4106 aut
782 4054 801 4105 C
818 4049 828 4120 ll
847 4057 877 4102 44
900 4051 1034 4102 efficiatur
1053 4051 1189 4116 Goescben,
1207 4051 1361 4104 efficiantur
1381 4053 1408 4112 G,

338 4123 403 4184 conf.
426 4124 457 4174 CR
484 4121 495 4189 ΙΙ
524 4128 555 4175 46
573 4125 644 4190 apud
665 4125 805 4188 Gaescten,
824 4119 946 4187 aapntC
971 4115 981 4185 ΙΙ
1010 4123 1041 4170 44
1059 4121 1218 4172 uindicante
1236 4135 1253 4172 a
1273 4122 1410 4185 Geeseben,

338 4191 514 4244 uincantec.
