3084 4868
504 435 808 477 —Lxl—

116 603 162 664 ria
185 609 234 665 est
265 610 296 664 et
320 603 490 664 uerborum
518 603 622 680 diotio;
652 623 724 666 nam
746 623 896 685 praesens
917 601 921 687 1

472 707 506 767 (in
524 707 543 755 A
562 711 696 768 perierant
711 722 804 758 uersos
821 709 846 769 51

71 916 107 975 93
440 825 443 910 A
503 913 567 976 Sed
598 917 655 976 etsi
689 914 804 976 absens
833 915 892 975 fuit
919 915 1025 995 datus,
1059 933 1121 976 non
1151 923 1200 976 est

118 1001 231 1062 uitiosa
247 997 252 1082 1
270 998 359 1081 1--1
379 1007 487 1080 postea
507 1003 645 1081 eognitor
663 1002 864 1081 consenserit,
886 1003 946 1062 erit
960 1003 1099 1082 cognitor
1114 1012 1222 1056 ——s

117 1081 317 1171 procuratori

474 1172 508 1235 (in
526 1173 546 1220 A
563 1175 698 1233 perierant
714 1186 808 1222 uersas
826 1171 850 1234 4)

117 1327 249 1336 ---
262 1289 267 1375 1
281 1291 393 1374 1.-
407 1291 629 1372 slollemnibus
849 1329 1003 1336 ---
1021 1295 1197 1374 opponitur,

118 1381 145 1440 si
172 1395 326 1460 praesens
352 1397 414 1440 non
442 1385 490 1440 est
520 1375 628 1462 dalius
649 1377 762 1458 -—-]
791 1375 947 1440 aduersus

467 1482 501 1545 (in
519 1482 539 1532 A
555 1484 690 1542 perierant
707 1493 800 1530 uersas
820 1479 860 1542 441
1209 1525 1239 1570 4⁰

75 1619 109 1679 94
120 1637 277 1645 -—-—-—
292 1597 297 1680 Ι
314 1601 373 1684 [liti
386 1601 541 1684 aplendae
557 1601 730 1663 admittitur
752 1601 872 1663 adiecta
892 1600 1102 1681 satisdatione,
1126 1604 1199 1682 quia

121 1688 209 1770 quod
232 1707 274 1752 ex
296 1707 365 1752 meo
388 1687 560 1770 manlldalo]
648 1707 651 1713 ·

76 1878 110 1938 95
444 1855 454 1943 11
468 1859 683 1922 uindioiarum.
729 1877 803 1940 ergo
826 1878 897 1920 oum
921 1859 1002 1922 duae
1025 1861 1088 1922 sint
1108 1861 1255 1921 aetio-tot.
1269 1867 1333 1914 totv

12 2011 14 2022 ,
120 1965 179 2009 nes
207 1949 238 2008 in
266 1965 334 2008 rem
360 1954 392 2009 et
420 1949 452 2007 in
481 1964 661 2027 personam:
692 1947 723 2006 in
752 1963 820 2006 rem
847 1944 914 2024 alat
934 1963 990 2025 per
1008 1943 1200 2027 petito]lriam

120 2031 289 2095 formulam
315 2035 430 2115 agitur,
464 2032 635 2094 iudicatum
666 2031 746 2092 solui
779 2031 937 2092 satisdatio
966 2031 1242 2114 interpon[ilar‚ts

121 2118 160 2200 sl]
186 2115 191 2202 1
218 2138 278 2199 per
313 2121 526 2199 sponsionem,
565 2136 622 2198 pro
661 2117 779 2197 praede
812 2115 873 2178 litis
913 2125 944 2180 et
980 2118 1199 2198 uindioiarum,

121 2224 185 2267 non
207 2223 268 2286 per
289 2207 489 2286 sponsionem
511 2201 685 2286 [-——-]
704 2200 709 2286 1
729 2203 769 2266 de
789 2237 850 2248 -·—
872 2205 940 2266 eius
962 2206 1089 2283 ponitur
1112 2207 1202 2266 satis-

123 2292 207 2354 datio
224 2293 293 2354 sine
307 2291 361 2354 len
764 2307 822 2368 pro
841 2286 965 2371 [praede
980 2290 1041 2351 iilis
1056 2289 1093 2371 et]
1110 2287 1114 2373 1
1133 2294 1201 2352 uin-

124 2378 291 2546 dieiarupn,
320 2384 351 2440 et
371 2377 501 2458 inoipias
525 2377 615 2458 quasi
629 2380 858 2437 'nouum-———
881 2382 911 2437 et
934 2393 1100 2456 quaerere,
1129 2376 1200 2437 ideo

123 2499 236 2524 —--.
1211 2471 1243 2516 so

81 2567 115 2627 oa
211 2550 293 2614 NON
318 2547 450 2613 TAMEN
477 2546 580 2612 HAEC
602 2545 733 2614 svuul
756 2546 983 2610 SPONSIONIS
1006 2547 1086 2609 NON
1108 2548 1203 2610 ENlll

128 2637 139 2719 [
321 2637 331 2715 ]
361 2634 366 2718 1
391 2655 454 2698 non
490 2643 538 2698 ost
571 2652 672 2718 poene
1035 2635 1202 2714 sponsione

560 2719 565 2806 1
589 2719 730 2804 poenalis
757 2721 891 2800 sponsio.
935 2718 1006 2780 ideo
1028 2739 1087 2780 neo
1113 2722 1204 2782 resti-

125 2811 245 2891 pulatio
272 2810 315 2872 fit.
360 2808 519 2870 interdum
541 2828 601 2872 neo
630 2809 754 2890 sponsio
778 2803 925 2888 st[---
943 2801 1144 2888 pro]lbeuero
1173 2814 1204 2867 te

128 2897 245 2959 debere
285 2897 359 2956 mihi
391 2914 460 2976 xxv,
496 2895 586 2958 dabis
621 2895 682 2957 alia
718 2913 757 2956 ex
789 2915 858 2950 *a*
891 2893 1016 2972 sponsio
1049 2891 1245 2972 ροθρρ144345

127 2980 287 3063 ---11
313 2983 1024 3043 oem--—-—--—-——-—-—-
1046 2998 1119 3060 ergo
1148 2978 1204 3040 ubi

128 3068 267 3150 poenalis
301 3068 439 3148 sponsi[o
470 3075 526 3147 eal,
564 3063 778 3148 resttllpulatio
812 3070 964 3147 sequitur.
1017 3064 1091 3127 dioit
1122 3068 1204 3127 enim

130 3153 265 3218 debitor:
289 3155 316 3216 si
337 3172 400 3215 non
415 3153 531 3232 probas
546 3171 582 3214 ns
596 3172 653 3214 xxv
668 3153 778 3214 deberi
793 3151 833 3214 de
850 3151 860 3234 [
1036 3151 1049 3232 1
1071 3148 1076 3234 1
1096 3151 1204 3213 uerbis

129 3241 286 3322 praeierat
319 3242 444 3320 sponsio
479 3247 563 3302 esset
593 3239 787 3318 restipulatio
811 3239 879 3301 sibi.
926 3245 957 3298 at
982 3237 1204 3318 praeiudlioia-

131 3325 235 3408 l--J
256 3327 261 3406 1
280 3325 482 3406 restipulatio.
539 3384 545 3397 ,
1215 3341 1245 3384 so

131 3436 1205 3461 ΑΛΜΛΛΜΙΜΝἉΙᾺΛΛΜΜΝᾺΛΛΛΝᾺΙΜΛΝᾺΛΛΛΜΛΙΜΝᾺΜΜΛΜΜΙΜΨ

198 3480 233 3532 ad
252 3480 320 3542 §93-
334 3482 365 3529 94
378 3479 449 3529 ooni.
463 3481 519 3529 Gai.
540 3481 563 3543 4,
577 3483 616 3529 89.
630 3481 659 3527 84
671 3475 724 3544 {lad
739 3478 754 3539 ξ
768 3482 799 3528 95
818 3476 889 3528 coni.
903 3477 957 3526 Gai.
972 3479 994 3540 4,
1014 3479 1041 3528 94
1063 3472 1074 3540 11
1091 3475 1124 3524 ad
1143 3475 1158 3536 ᾖ
1171 3477 1203 3522 96

131 3549 200 3602 conl.
220 3550 279 3600 Gai.
305 3551 327 3613 4,
347 3551 387 3598 94.

199 3693 213 3738 5
229 3691 290 3751 post
306 3687 405 3736 uitiosa
425 3686 527 3736 Ferrini
544 3687 654 3748 supplet:
674 3685 746 3735 datio
765 3685 792 3732 et
808 3685 832 3732 si
845 3685 937 3746 postea
950 3682 960 3744 11
973 3684 1004 3730 49
1015 3686 1074 3742 post
1085 3681 1205 3730 actiones

132 3762 261 3819 eapealas:
285 3757 312 3805 in
337 3768 395 3804 rem
414 3757 460 3804 aut
477 3767 526 3818 per
543 3755 717 3818 sponsionem
736 3751 792 3815 aiut
809 3764 858 3815 per
880 3750 1025 3801 formulam
1043 3748 1205 3813 petitoriam,

132 3828 153 3876 si
172 3839 221 3889 per
238 3823 402 3889 petitolriam
420 3823 563 3872 formulam
577 3825 664 3882 agitur
675 3819 685 3889 11
697 3827 728 3872 45
742 3819 932 3884 interpon[itur
949 3819 980 3882 si]
993 3819 1076 3881 sappi.
1095 3817 1206 3877 Soialoja

131 3890 140 3960 11
157 3897 187 3942 48
202 3895 324 3945 laeenam
336 3893 464 3955 suppleuit
485 3890 616 3942 Chatelain
631 3889 641 3956 11
658 3895 688 3940 49
705 3895 764 3953 post
781 3902 883 3938 nouum
905 3887 1037 3938 Chatelain
1062 3888 1207 3936 dubitanter

133 3965 190 4027 lepti
208 3961 304 4014 audire
317 3963 327 4024 11
340 3965 367 4010 tt
391 3961 551 4025 sponsiones
564 3960 583 4008 Α
596 3960 608 4024 11
620 3965 679 4010 ante
697 3973 751 4010 non
768 3958 897 4008 intercidit
915 3957 1038 4019 exigitur,
1062 3955 1127 4018 conf.
1150 3954 1206 4003 Gai.

134 4035 156 4097 4,
175 4035 206 4082 94
224 4029 310 4098 upost
332 4031 404 4079 onim
428 4030 567 4080 secandam
588 4029 681 4079 Gaiam
703 4027 823 4089 suppleas
845 4026 966 4090 poenalis
990 4027 1032 4074 est
1048 4021 1059 4090 11
1077 4028 1107 4072 99
1131 4024 1207 4073 resti·

132 4101 233 4165 palatio
243 4097 290 4164 Al,
303 4096 508 4163 separationen
521 4101 551 4147 27
565 4098 700 4161 poenalia
713 4097 725 4162 1
738 4091 858 4161 sponsi[o
869 4097 910 4146 est
922 4092 1098 4158 restilpulatio
1110 4104 1208 4142 mecam

132 4173 244 4220 restitnit
254 4169 367 4230 Seialoja
374 4165 385 4233 11
394 4168 465 4220 enirn
475 4167 594 4231 Scialoja
604 4169 690 4217 sionei
699 4165 792 4216 nihili
801 4160 811 4231 11
821 4167 852 4214 48
862 4165 961 4230 probas
968 4163 1088 4228 Soialoja,
1096 4161 1163 4226 prob
1171 4175 1207 4209 a*

133 4237 173 4304 44,
186 4238 286 4305 probat
295 4233 344 4300 4411
353 4239 384 4286 49
395 4237 430 4286 sd
439 4235 671 4300 praeiudlloialem
685 4249 738 4285 non
752 4233 788 4296 lit]
801 4233 968 4298 restipulatio
982 4237 1106 4294 temptare
1116 4233 1207 4293 possis.
