3084 4868
685 597 976 680 APPENDIX

240 816 506 890 FRAGMENTA
542 819 949 892 INTERPRETATIONIS
982 820 1055 892 GAl
1095 823 1424 894 INSTITVTIONVM

320 937 741 1012 AVGVSTODVNENSIA
766 940 827 1011 AD
853 941 1160 1014 RECENSIONEM
1185 942 1349 1015 AEMILII

405 1059 650 1131 CHATELAIN
676 1061 819 1130 EDlDlT
846 1061 1011 1132 PAVLVS
1038 1062 1254 1132 KRVEGER.

325 1264 446 1330 Codicis
479 1259 775 1346 Augustodunensis
809 1266 866 1345 20,
901 1267 955 1346 qui
993 1267 1130 1327 continet
1162 1266 1302 1330 Cassiani
1335 1266 1427 1328 Insti-

242 1354 377 1415 tutiones
393 1369 411 1412 a
425 1350 554 1412 librario
571 1351 690 1412 saeculi
701 1352 756 1413 Vll
768 1353 911 1431 scriptas,
928 1351 1079 1412 nonnulla
1091 1351 1164 1412 folia
1184 1354 1337 1434 rescripta
1354 1370 1426 1414 csse

239 1439 360 1518 primus
383 1436 568 1498 obseruauit
590 1437 671 1498 Guil.
693 1436 805 1518 Libril)
829 1456 888 1498 nec
914 1444 1019 1498 tamen
1040 1437 1169 1500 uidetur
1192 1439 1322 1517 eruisse,
1347 1437 1428 1518 quid

239 1527 367 1605 antiqua
390 1525 546 1604 scriptura
568 1524 771 1584 contineatur.
816 1525 952 1604 primum
975 1542 1012 1584 ea
1036 1523 1076 1584 de
1098 1543 1133 1584 re
1155 1526 1300 1586 nuntium
1323 1523 1429 1585 attulit

239 1609 416 1690 Leopoldus
442 1605 603 1690 Delisle²);
632 1610 789 1670 nuntiauit
816 1610 899 1670 euim
926 1610 977 1670 uir
1005 1609 1198 1672 clarissimus
1226 1610 1267 1671 ab
1293 1607 1427 1671 Aemilio

238 1695 398 1760 Chatelain
419 1696 452 1756 in
474 1694 548 1756 folio
566 1695 625 1755 000
650 1694 765 1756 codicis
788 1692 1082 1776 Augustoduncnsis
1106 1697 1209 1776 agnita
1231 1713 1301 1757 esse
1324 1694 1428 1758 uerba

236 1781 295 1844 Gai
322 1783 351 1862 l,
380 1782 419 1841 05
453 1781 536 1841 oliae
556 1826 563 1842 .
582 1827 589 1841 .
607 1826 614 1841 .
632 1779 758 1859 factum.
812 1780 898 1842 unde
932 1799 1005 1860 spes
1039 1789 1107 1842 orta
1149 1788 1199 1842 est
1224 1781 1279 1844 Gai
1305 1781 1428 1844 librum

239 1867 332 1928 nobis
365 1867 397 1928 in
427 1865 509 1927 foliis
537 1866 698 1946 rescriptis
727 1867 822 1928 huius
852 1866 966 1928 codicis
990 1875 1150 1928 seruatum
1184 1865 1293 1945 cssell.
1344 1867 1428 1929 foliis

237 1960 345 2014 autem
368 1953 543 2014 accuratius
567 1953 750 2014 examinatis
774 1951 1021 2032 apparuitfalsa
1044 1970 1180 2032 spanos
1208 1952 1314 2014 elusos
1339 1971 1427 2015 esse:

239 2058 301 2100 non
317 2039 373 2099 Gai
389 2039 612 2118 Institutiones‚
630 2038 687 2100 sed
700 2038 873 2100 earundem
888 2040 1120 2100 Institutionum
1135 2039 1429 2120 Interpretationem

236 2125 416 2206 antiquiore
439 2123 554 2185 codicis
578 2125 734 2204 scriptura
756 2127 907 2186 contineri
930 2124 1091 2186 Chatelain
1113 2125 1248 2206 agnouit.

325 2211 523 2292 Quamquam
550 2211 645 2292 igitur
672 2211 811 2272 thesauri
838 2210 878 2272 ab
901 2213 970 2290 ipso
993 2211 1113 2272 inuenti
1135 2210 1307 2271 aestimatio
1330 2209 1430 2272 ualde

237 2296 400 2359 deminuta
416 2304 473 2376 est,
491 2296 652 2360 Chatelain
667 2296 707 2358 ab
724 2315 820 2377 opere
835 2299 975 2358 instituto
995 2315 1058 2357 non
1074 2295 1202 2377 destitit,
1225 2295 1283 2357 sed
1300 2314 1364 2376 qua
1381 2303 1431 2358 est

236 2385 303 2445 acie
326 2383 490 2445 oculorum
513 2390 544 2444 et
566 2390 633 2444 arte
656 2389 809 2446 vetustam
833 2384 1021 2462 scripturam
1045 2381 1237 2462 explicandi,
1266 2381 1430 2444 difficilem
1528 2430 1529 2433 η

235 2469 478 2550 taediosumquc
500 2468 642 2530 laborem
665 2469 706 2531 ad
729 2471 823 2530 linem
846 2468 1004 2548 perduxit.
1044 2487 1080 2528 ac
1101 2487 1142 2529 ne
1164 2470 1196 2529 in
1218 2469 1277 2529 hoc
1297 2467 1430 2548 quidem

237 2555 389 2618 substitit:
413 2573 480 2616 rem
503 2557 604 2635 ipsam
628 2557 659 2615 in
683 2555 941 2636 Interpretatione
965 2557 1138 2634 expositam
1160 2553 1240 2615 adeo
1256 2553 1429 2616 adsecutus

235 2649 294 2721 est,
322 2649 359 2704 ut
380 2641 483 2703 hiatus
511 2647 676 2703 contextus
698 2641 870 2722 plerosque
898 2639 1043 2702 felicibus
1066 2640 1252 2701 coniecturis
1275 2639 1427 2720 expleret.

325 2725 469 2788 Indolem
492 2727 759 2806 Interpretationis
783 2726 859 2787 alibi
882 2742 1052 2807 exponam3
1079 2727 1139 2787 hoc
1164 2725 1233 2786 loco
1257 2725 1297 2787 de
1321 2724 1429 2786 condi-

242 2813 333 2872 cione
367 2811 527 2890 foliorum,
563 2812 681 2892 quibus
708 2831 744 2874 ea
775 2818 903 2874 seruata
937 2821 996 2892 est,
1031 2812 1125 2874 etde
1154 2811 1287 2873 lectione
1318 2830 1428 2874 eorum

176 2903 186 2924 ⁸
238 2914 342 2977 pauca
363 2896 600 2975 praemonenda
623 2903 705 2957 sunt.

324 2980 446 3045 Codicis
473 2981 770 3062 Augustodunonsis
797 2983 872 3044 folla
899 2980 1046 3044 97-000
1081 2983 1122 3045 ad
1151 2984 1206 3044 Gai
1238 2984 1429 3062 Interpreta-

232 3069 351 3129 tionem
382 3067 556 3147 pertinent,
586 3075 751 3149 praeterea
780 3075 928 3148 quattuor
955 3069 1030 3130 folia
1056 3077 1147 3130 antea
1182 3068 1289 3129 furtim
1313 3066 1427 3148 ablata,

237 3153 301 3214 iam
329 3153 494 3233 redempta
527 3159 559 3214 et
583 3155 615 3215 in
644 3154 851 3216 Parisiensem
878 3155 1102 3216 bibliothecam
1130 3153 1293 3233 publicam
1325 3159 1429 3215 trans·

238 3238 344 3322 latal).
380 3257 421 3300 ex
435 3239 484 3300 his
500 3239 571 3300 XIX
586 3238 666 3300 foliis
683 3237 804 3322 (lolium
821 3241 861 3300 98
876 3240 926 3302 bis
949 3239 1143 3318 numeratur)
1166 3238 1240 3300 folia
1259 3238 1379 3299 toa-t
1390 3241 1427 3300 00

237 3344 297 3408 pro
319 3331 408 3407 parte
431 3325 494 3407 legi
516 3332 663 3405 possunt;
687 3327 720 3386 in
741 3325 824 3387 foliis
848 3327 888 3386 98
913 3333 944 3388 et
968 3327 1022 3386 000
1051 3344 1113 3387 non
1133 3334 1351 3405 apparuerunt
1368 3327 1428 3388 nisi

236 3430 338 3492 pauca
369 3410 472 3474 uerba
500 3411 531 3492 (ξ
562 3409 611 3472 to.
641 3408 702 3492 80),
737 3413 768 3473 in
798 3411 930 3492 reliquis
957 3412 1039 3473 foliis
1072 3413 1219 3492 antiquae
1253 3412 1428 3492 scripturae

237 3500 373 3579 uestigia
401 3499 608 3560 incertissima
634 3505 715 3559 sunt.
762 3497 910 3558 foliorum
935 3497 994 3557 l0l
1020 3505 1051 3559 et
1074 3498 1134 3557 009
1158 3498 1290 3576 paginae
1314 3506 1428 3578 rectae,

309 3669 333 3732 0)
353 3669 500 3732 Catalogue
518 3669 627 3732 general
647 3669 695 3721 des
715 3671 882 3720 manuscrits
905 3668 954 3720 des
976 3667 1180 3733 bibliotheques
1202 3667 1341 3732 puquuas
1372 3667 1422 3718 des

233 3737 442 3803 =dtpartements
460 3739 472 3786 Ι
491 3737 575 3800 (0809)
593 3751 619 3804 p.
638 3741 680 3791 07.

309 3805 333 3869 0)
352 3805 472 3872 Laopold
484 3806 593 3870 baliste,
612 3807 662 3858 Les
680 3807 740 3858 vols
760 3807 796 3857 de
808 3805 884 3858 libri
896 3820 932 3857 au
944 3805 1093 3857 seminaire
1105 3805 1231 3856 d'hutun.
1264 3805 1340 3855 Paris
1361 3807 1427 3855 0808

234 3872 355 3936 (Extrait
373 3875 408 3926 de
425 3875 452 3925 la
469 3875 662 3940 bibliotheque
680 3875 714 3926 de
733 3859 834 3926 l’licole
852 3874 901 3926 des
919 3875 1028 3926 chartas
1047 3873 1104 3926 LIX
1122 3887 1181 3939 pag.
1200 3877 1250 3924 070
1271 3872 1348 3938 sqq).

309 3941 333 4006 0)
352 3941 423 3993 cont.
442 3943 596 3995 zeitschrift
613 3943 663 3994 dar
692 3943 941 4008 savigny-Stiltung
959 3943 1004 3994 ttir
1024 3941 1281 4008 Rechtsgeschichte
1292 3941 1350 3994 uol.
1371 3940 1420 3993 XV

239 4022 300 4075 pag.
320 4013 377 4060 att.

308 4077 332 4140 0)
350 4077 542 4144 Bibliothtqua
560 4079 705 4132 Nationala
724 4080 757 4132 N.
777 4093 800 4131 a.
819 4080 836 4130 l.
857 4083 922 4130 0600
943 4079 990 4130 οο0.
1010 4083 1119 4130 07-00.
