3084 4868
317 376 475 437 rste-ts
706 410 792 419 -ᾳ
837 375 876 436 12
919 411 1004 420 -,.

317 565 385 643 lex,
419 583 458 625 ne
493 566 543 624 oui
576 561 686 643 plures
719 567 938 625 manumittere
973 563 1064 625 liceat
1096 583 1190 644 quam
1215 585 1241 626 o.
1293 565 1396 646 quod-

317 653 343 711 si
371 653 442 731 quis
469 668 568 710 unum
597 668 727 712 seruum
754 653 878 710 omnino
909 657 964 710 aut
991 649 1071 712 duos
1098 650 1207 729 habet,
1244 650 1285 712 ad
1314 652 1397 713 hanc

267 797 270 804 ,
316 736 420 816 legem
446 754 508 796 non
535 739 672 816 pertinet
699 745 730 796 et
755 736 826 797 ideo
849 736 981 798 liberam
1004 736 1100 797 habet
1121 743 1308 816 potestatem
1330 756 1397 798 ma-

266 822 511 883 llnumittendi.
557 822 602 883 Ac
629 841 669 882 ne
698 821 739 883 ad
766 841 819 883 eos
848 821 976 902 quidem
1000 825 1123 882 omnino
1146 823 1224 884 haec
1246 823 1300 883 lex
1321 841 1397 902 per-

315 911 405 983 tinet,
438 911 493 988 qui
527 909 594 969 sine
626 915 805 969 testamento
833 910 1062 996 manumittunt.
1113 911 1219 988 itaque
1246 909 1320 970 licet
1346 911 1421 987 iis,s

316 996 371 1074 qui
392 993 531 1054 uindicta
554 1003 608 1055 aut
630 1012 728 1055 censu
751 1003 805 1054 aut
819 997 900 1055 inter
915 996 1029 1054 amicos
1045 997 1276 1073 manumittunt,
1299 1001 1396 1055 totam

315 1079 464 1139 familiam
486 1080 634 1159 liberare,
659 1081 778 1140 scilicet
801 1083 827 1140 si
850 1079 911 1140 alia
933 1098 1027 1141 causa
1050 1098 1112 1140 non
1135 1079 1276 1159 inpediat
1298 1080 1397 1142 liber-

266 1166 304 1224 15
315 1173 419 1226 tatem.
465 1166 529 1228 Sed
556 1166 639 1247 quad
667 1165 707 1226 de
733 1184 864 1226 numero
887 1184 1054 1227 seruorum
1076 1173 1261 1227 testamento
1284 1185 1396 1227 manu-

315 1251 538 1313 mittendorum
562 1252 707 1330 diximus,
739 1255 781 1312 ita
803 1251 1032 1332 intellegemus,
1056 1271 1096 1312 ne
1119 1270 1271 1331 umquam
1294 1272 1335 1313 ex
1358 1272 1396 1314 eo

314 1356 462 1416 numero,
491 1357 531 1399 ex
558 1357 620 1419 quo
650 1337 778 1398 dimidia
806 1347 860 1398 aut
885 1339 977 1400 tertia
999 1346 1053 1398 aut
1076 1345 1187 1419 quarta
1210 1347 1264 1398 aut
1287 1341 1437 1419 quintam

313 1442 387 1502 pars
410 1423 539 1485 liberari
561 1431 676 1504 potest,
698 1425 860 1502 pauciores
885 1425 1098 1484 manumittere
1117 1423 1218 1503 liceat,
1244 1442 1340 1504 quam
1356 1444 1398 1485 ex

314 1509 511 1570 antecedenti
536 1529 669 1571 numero
692 1510 788 1570 licuit.
836 1517 866 1570 et
888 1511 947 1570 hoe
969 1512 1037 1589 ipsa
1060 1509 1122 1590 leqe
1144 1513 1308 1589 prouisum
1332 1517 1395 1586 est;

314 1599 486 1657 eratenim
510 1614 585 1657 sane
609 1595 789 1674 absurdum,
817 1602 853 1655 ut
874 1615 892 1654 x
915 1613 1081 1657 seruorum
1105 1595 1229 1656 domino
1253 1598 1396 1676 quinque

313 1682 450 1743 liberare
484 1681 605 1760 liceret,
644 1684 717 1762 quia
755 1700 857 1762 usque
895 1681 935 1743 ad
971 1681 1131 1743 dimidiam
1167 1689 1289 1760 partem
1328 1685 1396 1743 eius

313 1770 436 1828 numeri
459 1770 678 1829 manumittere
702 1769 730 1828 ei
753 1767 950 1846 conceditur,
982 1787 1025 1828 xrr
1049 1762 1180 1848 (autem)
1206 1785 1317 1829 seruas
1340 1769 1436 1828 ha-ls

313 1854 400 1914 henti
429 1871 491 1914 non
517 1853 628 1933 plures
655 1853 765 1914 liceret
792 1856 1011 1914 manumittere
1042 1871 1224 1933 quam11113
1255 1855 1328 1913 item
1351 1856 1395 1914 eis

314 1942 368 2020 qui
390 1939 500 2018 plures
524 1959 619 2020 quam
641 1960 660 1999 x
682 1959 787 2020 neque
804 1935 1390 2021 11---------
1404 1948 1495 2012 panta

631 2091 663 2138 24
681 2099 775 2134 uersus
793 2089 821 2133 tn
841 2085 861 2134 0
877 2088 926 2147 teat
944 2087 1081 2146 nequeunt)

794 2212 804 2297 11
822 2233 895 2275 nam
918 2217 996 2276 etsi
1019 2221 1193 2275 testamento
1217 2218 1340 2296 scriptis
1364 2219 1495 2284 innan-⁴³

314 2301 423 2362 orbem
447 2304 549 2362 seruis
572 2299 703 2362 libertas
727 2301 800 2362 data
823 2304 872 2380 sit,
897 2300 1101 2382 quianullus
1125 2301 1200 2361 ordo
1224 2304 1431 2364 mammis-2⁰

313 2390 408 2449 sionis
436 2389 611 2465 inuenitur,
640 2387 719 2448 nulli
746 2387 839 2448 liberi
862 2393 963 2466 erunt,
987 2389 1061 2467 quie
1083 2387 1137 2448 lex
1159 2387 1246 2447 Fufia
1269 2388 1395 2450 Caninia

313 2493 394 2554 quae
429 2476 460 2534 in
494 2474 640 2535 fraudem
675 2476 742 2534 eius
777 2474 857 2534 facta
891 2475 953 2534 sint
985 2473 1143 2534 rescindit.
1194 2481 1268 2534 sunt
1302 2477 1394 2535 etiam

1343 2593 1393 2606 ΛΛΛ

381 2683 391 2727 1
420 2679 563 2742 equodsi]
594 2682 612 2728 a
642 2675 719 2742 cqsi?
752 2677 771 2728 0
798 2675 807 2742 11
838 2680 903 2725 1-3
935 2681 1061 2737 eapectes:
1095 2677 1195 2740 quodsi
1223 2679 1284 2740 quis
1306 2691 1392 2727 unum

312 2761 422 2796 seruum
457 2751 505 2798 aut
541 2748 611 2797 duos
646 2747 735 2811 habet,
772 2746 807 2795 ad
843 2759 906 2795 eum
942 2746 1009 2795 haec
1044 2745 1087 2794 lex
1116 2746 1228 2795 omnino
1253 2759 1307 2796 non
1332 2760 1393 2810 per·

311 2818 379 2865 tinet
394 2813 404 2881 11
423 2819 436 2865 t
455 2817 523 2866 haec
544 2813 582 2880 0²,
607 2815 690 2866 3301
712 2812 722 2880 11
743 2819 758 2865 5
782 2816 976 2864 manumittunt
1002 2813 1139 2878 Goesolreu,
1161 2815 1393 2865 manumittuntur

314 2879 349 2933 Ctl
377 2879 387 2951 11
418 2889 431 2932 7
455 2884 586 2934 lemiliam
608 2883 650 2948 01,
680 2883 810 2934 lamlliam
833 2897 912 2933 suam
938 2879 970 2932 0²
993 2883 1078 2942 (suam
1102 2884 1229 2945 glossema
1248 2897 1303 2932 esse
1320 2885 1392 2934 uide-

311 2951 362 3014 tur)
382 2949 393 3016 11
411 2956 441 3000 tc
462 2953 576 3002 dimidia
594 2967 628 3002 aa
647 2953 790 3003 dimidiam
808 2959 952 3002 correctum
972 2949 1017 3017 011
1035 2953 1130 3015 quinta
1147 2965 1181 3000 aa
1198 2953 1323 3014 quintam
1336 2966 1392 3002 eor·

309 3025 409 3070 rectum
429 3018 521 3086 01113
542 3022 608 3084 cous.
624 3020 668 3071 0⁸⁸
684 3018 694 3086 11
713 3025 744 3069 13
764 3021 933 3070 abosurdum
954 3017 998 3085 011
1016 3022 1048 3069 tt
1068 3021 1126 3069 elus
1144 3021 1202 3068 odd.
1220 3017 1257 3084 0²,
1276 3033 1325 3070 om.
1342 3019 1392 3085 0111

313 3093 344 3138 15
356 3089 517 3139 conceditur
529 3105 563 3138 rrr
576 3087 680 3156 autem]
698 3090 872 3140 conceditur
888 3089 926 3153 01,
940 3091 981 3139 aui
998 3090 1115 3138 terrliiae
1128 3092 1342 3150 superscripsisse
1362 3088 1392 3138 0²

309 3159 447 3207 uidebatur
458 3160 506 3208 soli
519 3160 645 3220 Btulrmio,
664 3158 729 3220 cous.
752 3157 783 3208 0⁸
795 3163 819 3208 et
835 3159 878 3209 01Ε
896 3154 906 3223 11
924 3161 955 3206 46
975 3157 1048 3219 item]
1070 3156 1389 3220 31013313033331333311

311 3230 341 3274 17
363 3232 423 3288 post
445 3240 533 3290 neque
556 3231 583 3277 13
605 3241 676 3277 noua
695 3230 809 3290 339133,
830 3239 982 3288 quaecum
1000 3228 1049 3290 teat
1067 3228 1169 3290 aequit,
1190 3226 1272 3276 Gaius
1289 3227 1391 3288 reliquo

310 3297 340 3344 de
358 3309 386 3344 eo
404 3309 468 3345 casu
486 3297 615 3346 addidisse
632 3298 749 3360 uidetur,
775 3309 824 3357 quo
843 3297 1057 3357 dominicaturas
1075 3308 1153 3356 quam
1170 3309 1186 3342 x
1203 3297 1391 3357 accusaturus

309 3377 388 3425 quom
404 3379 451 3412 xxx
472 3378 563 3415 seruos
581 3366 730 3415 tabentibus
751 3367 843 3426 plures
864 3367 1048 3415 manumittere
1067 3365 1143 3413 licere
1161 3365 1296 3414 uideretur
1313 3377 1390 3426 quam

309 3436 352 3496 eis,
375 3437 419 3494 qui
437 3435 527 3496 plures
551 3447 629 3497 quam
646 3447 693 3482 xxx
711 3447 801 3483 seruos
823 3434 967 3484 tabuerint.
1005 3433 1125 3483 Fortasse
1147 3434 1201 3482 alta
1222 3435 1342 3495 exempla
1360 3435 1390 3482 de

308 3503 449 3552 maioribus
466 3506 583 3552 numeris
601 3516 739 3553 seruorum
761 3504 850 3553 addita
868 3507 952 3552 33331.
995 3501 1174 3564 Sequebantur
1191 3515 1230 3563 ea,
1248 3504 1279 3551 de
1299 3503 1390 3564 quietas

307 3574 335 3620 tu
353 3572 420 3633 nott.
441 3578 465 3632 1,
485 3577 509 3635 2,
528 3577 545 3626 2
567 3574 606 3622 lits
623 3573 710 3622 uerbis
728 3575 827 3634 coitur:
858 3571 929 3622 Nam
953 3573 976 3621 si
994 3571 1094 3634 aliquis
1112 3573 1277 3620 testamento
1297 3572 1389 3634 plures

307 3642 500 3691 manumittere
523 3641 648 3705 uoluerit,
674 3655 754 3703 quam
783 3645 849 3704 quot
867 3641 988 3690 continet
1006 3653 1138 3689 numerus
1157 3652 1238 3703 supra
1257 3641 1386 3702 scriptus,

307 3709 375 3759 ordo
394 3710 547 3760 seruandus
566 3713 614 3774 est,
633 3713 663 3758 ut
681 3711 736 3759 illis
754 3712 859 3759 tantum
878 3709 989 3759 libertas
1006 3708 1110 3771 ualeat,
1132 3709 1178 3770 qui
1197 3709 1273 3771 prius
1292 3723 1388 3759 manu·

307 3779 383 3827 missi
406 3783 482 3843 sunt,
509 3792 598 3842 usque
625 3779 661 3828 ad
687 3779 764 3828 illum
790 3791 947 3842 numerum,
975 3789 1056 3840 quern
1083 3777 1235 3840 explanatio
1267 3779 1389 3827 continet

307 3847 434 3910 superius
452 3848 660 3912 comprehensa;
680 3849 728 3912 qui
746 3860 813 3896 uero
832 3849 925 3910 postea
946 3859 1029 3909 supra
1045 3847 1224 3895 constitutum
1242 3859 1386 3896 numerum

308 3917 470 3966 manumissi
489 3917 624 3980 leguntur,
644 3918 672 3965 in
690 3917 823 3966 seruitute
842 3928 888 3965 eos
908 3918 1012 3965 certum
1031 3917 1073 3964 est
1084 3927 1252 3978 permanere.
1284 3915 1386 3974 Quodsi

307 3995 360 4031 non
380 3986 540 4034 nominatim
558 3986 632 4035 serui
650 3985 695 4034 uel
714 3984 830 4034 ancillae
849 3986 876 4032 in
895 3986 1058 4034 testamento
1078 3983 1314 4048 manumittantur,
1338 3983 1386 4033 sed

308 4049 420 4102 contuse
447 4067 542 4104 omnes
570 4067 666 4103 seruos
693 4067 757 4104 suos
782 4053 827 4102 nel
857 4052 969 4102 ancillas
992 4052 1016 4102 is
1039 4052 1086 4115 qui
1105 4053 1299 4101 testamentum
1322 4051 1387 4101 lacit

306 4118 409 4170 liberos
434 4121 523 4172 lacere
547 4121 678 4186 uoluerit,
701 4123 769 4176 nulli
791 4123 899 4185 penitus
918 4120 995 4170 firma
1013 4133 1073 4171 esse
1092 4120 1201 4170 iubetur
1218 4120 1270 4170 hoc
1289 4121 1385 4170 ordlne

306 4189 369 4238 data
388 4189 507 4254 libertas,
527 4190 576 4240 sed
594 4203 688 4240 omncs
707 4192 735 4239 iu
753 4191 847 4240 seruili
865 4189 1036 4255 condicione,
1054 4191 1102 4254 qui
1114 4190 1167 4239 hoc
1180 4189 1276 4238 ordine
1289 4202 1386 4239 manu·
