3084 4868
520 432 604 444 —-
647 418 716 459 tux
759 433 845 442 --·

138 585 308 671 [4444114444
337 605 406 648 eam
432 605 495 648 non
523 605 593 649 esso
617 587 813 668 damnosam,
844 587 930 668 quod
953 607 1006 650 aes
1030 581 1166 652 a'lienum
1188 593 1219 652 in

139 673 271 754 oocul[to
306 670 393 752 44441.
423 669 428 755 Ι
456 681 655 735 emerserunt
685 673 794 753 plures
829 675 1015 756 creditores,
1049 685 1221 756 coeperunt

137 760 281 840 proferro
304 757 427 840 t[——·--]
446 755 451 842 Ι
470 777 542 821 cum
571 759 714 820 debitum
741 760 815 822 fecit
836 779 989 841 apparere
1012 762 1218 824 hereditatem

139 846 332 907 damnosam.
377 843 488 926 144444,
516 843 578 926 qne]
598 843 603 928 Ι
622 847 721 906 maior
749 846 882 926 adierat,
909 847 1086 909 tenebatur.
1133 844 1242 910 dediti

138 951 212 1013 ergo
224 949 337 1011 preces
349 930 554 1012 imperaltori,
570 928 672 1015 4444111
687 929 859 1012 [hereditas]
872 951 934 994 non
950 935 990 994 sit
1005 934 1090 1014 quod
1106 935 1218 1015 fuerat,
1229 943 1272 994 toi.
1289 949 1351 996 lost

137 1019 254 1079 meruit
284 1016 419 1097 speciale
449 1020 650 1098 rescriptum,
679 1026 715 1079 ut
740 1016 1006 1100 44444411444414)
1034 1021 1218 1082 hereditate,

89 1105 183 1166 totta
206 1103 301 1166 dixit:
329 1105 490 1184 ignorans,
518 1121 589 1164 cum
612 1104 724 1165 lateret
746 1123 799 1165 aes
822 1105 974 1184 alienum,
995 1100 1106 1188 11444441
1128 1107 1220 1168 here-

137 1190 277 1269 ditatem,
299 1197 407 1270 postea
424 1192 552 1251 emersit
566 1190 686 1271 grande
708 1189 860 1271 debitum,
883 1193 1029 1270 apparuit
1051 1191 1217 1271 damnosa}

137 1275 185 1358 [co
213 1275 388 1357 hereditas]
432 1295 506 1356 ergo
534 1295 552 1336 a
579 1283 610 1338 te
639 1283 728 1356 peto,
758 1285 794 1338 ut
820 1275 912 1339 liceat
937 1278 1013 1338 mihi
1043 1277 1216 1340 discedere.

137 1364 291 1423 concessit
314 1364 343 1423 ei
364 1365 541 1440 imperator.
1051 1402 1053 1406 -
1229 1378 1259 1424 44

89 1451 122 1510 34
223 1448 289 1508 Eoo
304 1465 379 1528 ergo
399 1443 403 1530 Ι
423 1446 598 1528 [4444414444
618 1447 777 1528 hodieque
800 1450 827 1509 si
841 1449 896 1509 tali
917 1466 952 1510 re
967 1447 1122 1529 procedis,
1146 1468 1220 1529 pos·

138 1553 249 1596 sumus
278 1534 363 1595 dare
381 1533 558 1612 consilium,
587 1541 622 1594 ut
646 1530 650 1615 Ι
674 1532 898 1614 14444414444414.
943 1553 1017 1596 nam
1042 1535 1134 1596 facile
1161 1537 1219 1595 im-

136 1627 302 1700 petrantur
331 1620 371 1680 ab
398 1623 586 1699 imperatore
609 1638 642 1680 aa
666 1638 747 1700 quae
769 1622 831 1681 iam
854 1615 1033 1702 4411444441
1056 1623 1219 1700 impetrata

12 1775 13 1778 ¹
137 1713 224 1768 sunt:
242 1705 328 1766 aliud
345 1713 393 1766 est
406 1724 525 1767 nouum
539 1705 728 1766 beneficium
743 1713 863 1786 petere,
879 1705 966 1768 aliud
982 1706 1077 1768 estid
1092 1704 1219 1788 petitore

89 1791 240 1871 32444144
257 1799 365 1853 extant
386 1791 540 1870 exempla.
579 1793 656 1852 Nam
678 1809 737 1871 per
759 1795 893 1872 gratiam
913 1793 1031 1854 factum
1054 1801 1111 1873 est,
1135 1795 1259 1854 uisite

136 1873 414 1960 4444441144444]
439 1878 513 1939 licet
537 1895 595 1957 per
622 1879 828 1957 ignorantiam
858 1879 1034 1940 omnimodo
1057 1879 1150 1940 heres
1173 1879 1216 1957 fit,

136 1966 165 2026 ei
187 1963 354 2026 discedere
377 1963 417 2024 ab
440 1963 613 2026 hereditate
633 1965 725 2038 1ω
745 1983 816 2025 cum
838 1964 942 2025 habet.
980 1971 1110 2046 propter
1132 1965 1219 2046 quod

136 2049 282 2129 exemplo
312 2051 380 2111 eius
408 2049 460 2110 alii
481 2057 614 2130 possunt
642 2052 674 2112 in
696 2052 853 2130 integrum
875 2053 998 2112 restitui
1021 2071 1041 2111 a
1062 2059 1215 2130 praetore.

87 2141 125 2200 33
222 2137 305 2215 Ergo
331 2133 468 2216 44441144
492 2135 605 2215 441444
627 2138 751 2217 estqui
774 2135 850 2198 adiit
871 2136 925 2198 uel
948 2138 1003 2218 qui
1026 2155 1060 2199 so
1083 2140 1216 2216 miscuit,

134 2240 194 2302 par
222 2228 400 2301 praetorem
427 2221 483 2283 uel
512 2241 570 2302 per
598 2223 777 2303 praesidem
806 2225 988 2302 prouinciae
1018 2230 1121 2303 potest
1144 2219 1149 2307 Ι
1175 2223 1258 2303 [inst

136 2305 299 2389 inlapsum]
326 2309 461 2384 restitui;
493 2307 551 2370 sed
580 2310 635 2388 qui
657 2310 755 2369 maior
777 2316 834 2388 est,
866 2310 932 2370 sine
956 2308 1109 2370 beneficio
1132 2311 1218 2388 prin-

135 2395 230 2475 cipali
248 2412 311 2454 non
326 2396 439 2474 poterit
460 2396 492 2455 in
512 2391 697 2475 1144449444
718 2395 840 2455 restitui
859 2392 963 2474 neque]
986 2395 1139 2455 auxilium
1163 2414 1217 2456 ex-

135 2482 219 2541 orari
242 2481 271 2542 ei
294 2479 403 2542 heredi
426 2480 602 2542 secundum
625 2499 662 2541 ea
686 2498 768 2560 quae
790 2477 1001 2541 tractauimus

88 2573 124 2632 34
227 2565 420 2646 1Ε444441444,
454 2569 510 2647 qui
537 2565 656 2627 hahent
681 2571 881 2646 potestatem,
913 2565 1066 2646 quamdiu
1093 2564 1214 2644 uolunt,

134 2653 257 2714 tamdiu
271 2652 457 2732 protrahunt
475 2648 480 2736 Ι
501 2650 693 2733 1444444144]
715 2652 905 2713 hereditatis.
944 2660 976 2712 et
997 2650 1076 2732 quid
1097 2653 1258 2712 interesse

59 2757 61 2764 ·
134 2740 251 2801 facient
266 2735 460 2800 creditores?
485 2737 562 2819 quid
584 2737 637 2798 illo
653 2746 793 2818 tempore
813 2734 1018 2819 1144444444]
1039 2739 1159 2798 interea
1174 2736 1215 2798 da

88 2831 125 2892 35
135 2827 247 2906 sacris,
278 2838 413 2906 quorum
441 2842 555 2906 magns
584 2833 651 2886 erat
679 2821 883 2886 obseruatio?
933 2823 1007 2886 Ideo
1038 2825 1217 2904 (14444444-

134 2919 240 2974 menta
256 2911 400 2994 441144444,
421 2909 462 2990 414
481 2911 625 2973 scribunt
640 2918 806 2972 extraneos
821 2910 966 2989 heredoS,
988 2910 1064 2972 dant
1083 2911 1127 2971 eis
1149 2928 1217 2970 oer-

133 3005 201 3059 tum
229 3005 354 3076 tempus
374 2993 379 3080 Ι
399 2994 453 3078 [od
480 2995 676 3076 cer]nondam
702 2996 923 3076 hereditatem,
952 2997 1038 3078 quod
1065 3003 1113 3058 est
1139 2995 1215 3057 tale:

206 3143 242 3192 ad
260 3143 275 3204 ξ
295 3145 395 3190 99-39
415 3142 485 3192 conl.
505 3139 562 3194 Gai.
581 3145 605 3206 t,
625 3141 789 3206 46311441
809 3144 839 3190 34
866 3141 936 3191 coni.
956 3142 1011 3191 Gai.
1031 3144 1060 3205 2,
1086 3143 1132 3190 464
1152 3141 1216 3203 144

134 3212 200 3273 §8⁵
222 3210 292 3260 coni.
315 3211 372 3262 Gai.
391 3213 415 3272 4,
435 3213 492 3262 464.

136 3294 240 3312 ΛΛΛΑΛΝ

203 3352 298 3389 ansas
317 3342 340 3388 4.
360 3342 383 3388 9.
403 3341 417 3388 4
437 3340 565 3402 suppleuit
585 3336 718 3388 Chatelain
730 3338 768 3401 16
788 3339 929 3388 recederet
951 3337 987 3386 ab
1005 3339 1136 3399 suppleuit
1150 3337 1215 3388 Cha-

136 3408 243 3472 44444411
262 3411 276 3456 4
296 3407 341 3470 ita]
360 3409 463 3458 interca
483 3406 613 3457 Chatelain
629 3407 640 3470 11
658 3407 713 3456 adii
731 3409 860 3470 suppleuit
880 3405 1012 3456 Chatelain
1024 3406 1061 3468 119
1088 3419 1152 3467 argo
1170 3403 1215 3469 ik,

135 3491 183 3530 ora.
194 3478 230 3528 49
242 3477 253 3538 11
267 3481 295 3525 44
312 3477 445 3538 rescripto
461 3475 602 3540 Chatelain,
615 3476 739 3538 exemplo
750 3477 890 3526 Mommsen
902 3475 913 3538 11
926 3475 948 3525 si
960 3475 1023 3524 talis
1035 3487 1079 3524 res
1091 3475 1215 3538 procedit

136 3545 308 3609 4444444149
327 3545 497 3610 supplicetur
518 3547 646 3606 supplente
670 3545 879 3608 444444444149
898 3545 1078 3606 impetrantur
1100 3543 1216 3606 Ferrlni,

135 3618 307 3680 imperantur
323 3614 343 3664 Α
360 3612 481 3678 14941444
500 3614 637 3678 suppleuit
655 3613 793 3663 Chatelain
809 3612 821 3676 1
837 3615 1001 3675 imperatore
1022 3625 1053 3662 ea
1075 3610 1215 3675 Chatelain,

135 3683 344 3749 imperatoreaA
359 3679 512 3748 limpetrats
524 3685 587 3732 sunt
596 3683 708 3746 Ferrini,
716 3683 846 3746 imperata
857 3677 971 3744 suntet,
982 3680 1215 3744 imperaturquod

135 3753 189 3816 ¹4⁰1!
204 3757 234 3803 45
248 3753 362 3816 gratiam
374 3754 475 3814 scripsi,
497 3747 615 3814 gradus?
629 3750 667 3814 49,
686 3764 768 3813 gas*
780 3747 816 3800 ΑΒ
828 3749 840 3813 1
852 3753 884 3798 46
902 3749 989 3798 maior
1006 3785 1013 3801 .
1027 3784 1033 3798 .
1047 3785 1053 3798 .
1073 3751 1104 3797 47
1124 3747 1215 3810 hahet]

136 3825 224 3872 maior
238 3819 353 3884 [adiens]
374 3821 439 3870 licet
528 3824 558 3869 47
577 3815 853 3885 hereditatelssioeali,
874 3830 936 3868 cum
956 3818 1120 3882 rescriptum
1133 3816 1216 3866 hahet

135 3894 255 3954 proponit
281 3891 422 3940 Mommsen
437 3889 449 3952 1
467 3893 499 3938 ts
522 3887 645 3952 exemplo
664 3889 723 3938 eius
746 3885 811 3952 Ake,
840 3887 963 3949 exempla
990 3887 1049 3936 eius
1079 3887 1162 3935 etiam
1184 3885 1216 3934 Ac

136 3957 145 4024 11
161 3961 189 4010 in
208 3961 346 4021 integrum
364 3959 473 4008 restitui
491 3958 515 4021 a]
535 3959 569 4008 iir
586 3957 630 4022 ΑΚ,
648 3969 704 4021 pup
722 3956 823 4020 49149
843 3956 866 4006 44
879 3957 969 4005 minor
981 3956 1064 4016 sappi.
1082 3955 1216 4006 Chatelain

136 4026 146 4092 11
162 4032 191 4078 st
214 4028 262 4079 sed
275 4029 319 4077 nel
331 4028 354 4077 si
367 4025 410 4091 sk,
429 4027 478 4077 sed
491 4027 522 4076 Αο
534 4027 545 4089 11
558 4030 598 4078 est
610 4028 710 4088 scripsi,
731 4026 843 4074 interest
853 4023 893 4086 14⁰,
912 4021 995 4073 ieet
1007 4023 1018 4086 11
1031 4027 1061 4073 st
1077 4023 1216 4088 [ext1·a]nei

137 4099 236 4162 scripsi,
250 4095 370 4160 [—--]
380 4109 442 4146 nam
453 4095 485 4146 A⁰
497 4095 509 4159 1
521 4099 552 4145 25
566 4096 714 4146 aditionem
724 4095 805 4156 suppl.
819 4093 952 4144 Chatelain
964 4091 974 4153 11
989 4095 1021 4140 96
1033 4093 1080 4143 4444
1093 4096 1215 4156 tempore

137 4163 259 4217 uidentur
271 4167 465 4227 transponenda
478 4177 532 4214 esse
541 4170 600 4226 post
613 4167 644 4212 st
664 4176 790 4227 quorum,
808 4163 839 4226 41.
861 4162 918 4212 Gal.
937 4165 960 4224 9,
979 4165 1011 4212 st
1029 4159 1040 4230 11
1058 4161 1224 4226 (1444444441Ι

138 4247 261 4284 assas*
273 4235 301 4299 Α,
314 4234 398 4284 fiebat
408 4235 550 4284 Mommsen
561 4233 572 4296 11
584 4237 616 4282 49
630 4232 666 4282 ad
679 4232 845 4283 cernendam
858 4233 957 4297 scripsi,
970 4245 1118 4284 *sasas*
1130 4230 1163 4281 ad
1174 4230 1216 4280 Aa

189 4335 267 4376 (inve.
960 4333 1007 4368 *a*
