3084 4868
608 413 908 464 Um...

255 584 333 648 Cum
356 584 453 650 maior
475 582 646 652 difficultas
666 585 699 650 in
721 583 795 646 Gaio
817 583 1010 650 restituendo
1038 602 1134 665 quem
1160 601 1201 650 444
1226 583 1349 648 mendis

170 670 370 732 librariorum
393 668 508 732 codicis
533 668 651 731 Ginde
674 671 806 749 oriatur,
838 669 924 751 quod
951 669 1066 736 multae
1088 671 1182 740 baius
1205 669 1278 736 libri
1300 687 1351 732 re-

171 758 280 838 scripti
302 756 437 836 paginae
457 762 512 820 eut
533 762 615 822 totae
631 763 685 818 aut
697 773 737 820 er
751 762 843 836 44444
855 755 948 824 hodie
963 757 1027 838 legi
1040 764 1212 837 nequount,
1229 773 1352 826 summa

170 843 312 906 cautione
334 842 384 910 usi
407 857 517 910 sumus
545 843 577 905 in
605 842 652 904 his
682 841 820 906 hiatibus
846 841 990 907 leodonis
1012 844 1197 908 Veronensis
1220 842 1351 922 expleu-

171 928 218 992 dis
229 925 274 1009 ¹³).
319 929 522 996 Deserubnus
544 929 639 1008 igitur
660 945 723 990 non
744 945 861 1008 paucas
888 928 1016 993 lacinias
1046 928 1213 1010 desperata
1240 945 1351 1000 44444

169 1013 257 1078 tendi
279 1013 426 1076 facultate
449 1031 486 1074 ec
507 1013 676 1078 maluimus
693 1017 863 1078 orationem
878 1013 1027 1081 Gaianam
1041 1014 1134 1082 foede
1152 1015 1239 1084 biara
1255 1032 1350 1096 quem

170 1103 203 1162 in
224 1107 400 1182 pertusum,
428 1107 465 1168 ut
486 1118 558 1166 eam
581 1099 688 1162 Plauto
711 1100 834 1180 loquar,
862 1102 1006 1182 ingerere
1029 1100 1112 1165 dicia
1134 1099 1253 1168 dulium
1274 1117 1351 1180 ope-

169 1205 301 1267 ramque
324 1185 438 1252 ludere
459 1193 556 1266 atque
578 1185 656 1248 fabe
682 1185 735 1248 uel
756 1187 963 1254 incertissima
983 1188 1142 1252 occuxtui
1169 1185 1349 1257 obtrudere.

170 1274 257 1338 41444
280 1272 501 1339 abstinentiam
528 1272 716 1351 probaturos
745 1289 819 1341 esse
849 1272 1025 1354 philologos
1055 1272 1258 1350 confidimus;
1292 1271 1351 1334 sed

170 1360 318 1440 quoniam
340 1359 530 1426 inueterauit
552 1365 587 1421 ut
609 1360 641 1423 in
663 1357 752 1420 libris
775 1357 899 1423 iuridici
921 1361 1096 1438 argumenti
1111 1358 1241 1424 lacunae
1256 1357 1351 1438 paulo

169 1443 377 1509 confidentius
401 1443 612 1523 explerentur,
635 1451 766 1523 propter
786 1443 1034 1523 iurisconsultos,
1063 1447 1117 1526 qai
1140 1445 1263 1514 Gaieuis
1286 1452 1352 1508 siu·

171 1531 231 1596 diis
254 1549 315 1595 non
337 1537 401 1593 tam
423 1538 553 1610 propter
575 1532 746 1598 orationem
762 1548 889 1610 4444444
905 1530 981 1596 due
996 1529 1099 1594 soient
1112 1549 1209 1612 quaem
1223 1537 1353 1610 propter

170 1623 405 1698 argumentum,
438 1618 471 1684 in
496 1616 750 1684 adnotationibus
779 1618 943 1696 apparatui
966 1618 1071 1680 4444444
1093 1618 1217 1680 insertis
1241 1607 1352 1684 4444444

171 1721 208 1766 44
230 1721 313 1783 quae
335 1705 368 1764 iu
389 1701 504 1764 codicis
530 1703 552 1762 0
573 1703 710 1766 hiatibus
739 1702 814 1768 elim
840 1703 973 1766 infuisse
1002 1721 1075 1764 oum
1103 1702 1210 1782 aliqua
1236 1702 1352 1781 proba-

169 1788 289 1854 bilitate
315 1788 515 1867 uiderentur,
544 1787 767 1869 iudicauimus,
798 1787 872 1850 aiibi
900 1796 998 1854 artem
1020 1788 1181 1852 nesciendi
1204 1807 1354 1856 exercen-

171 1875 244 1940 dam
260 1892 330 1942 esse
343 1877 502 1955 expressis
518 1874 627 1943 uerbis
643 1877 830 1942 monuimus.
868 1875 928 1937 Vbi
943 1876 1174 1942 enuntiatorum
1189 1876 1221 1937 in
1237 1874 1353 1939 codicis

174 1960 348 2026 illectione
371 1961 522 2022 hiantium
544 1959 638 2040 plura
660 1960 761 2023 uerba
783 1960 837 2022 uel
867 1968 1019 2022 commata
1041 1960 1107 2023 fere
1130 1961 1253 2041 integra
1274 1961 1307 2024 in
1331 1963 1353 2020 C

171 2043 398 2127 supersuat¹⁴),
426 2053 462 2107 ut
490 2053 656 2125 appareret
685 2063 747 2126 quo
770 2047 837 2110 fere
861 2049 1086 2110 sententiarum
1108 2064 1231 2108 conexu
1252 2045 1354 2110 uerba

171 2131 224 2194 uel
247 2139 398 2196 commata
421 2150 503 2212 quae
526 2131 587 2213 legi
609 2140 742 2211 possunt
764 2133 837 2194 olim
853 2134 1024 2194 coniuncta
1043 2140 1158 2211 essent,
1182 2132 1353 2212 supplendi

170 2219 347 2298 periculum
380 2220 412 2280 in
445 2218 697 2282 adunationibus
729 2221 772 2281 ita
800 2219 949 2298 fecimus,
980 2227 1016 2280 ui
1045 2226 1176 2299 excepto
1207 2237 1270 2280 uno
1300 2226 1354 2280 aut

170 2323 329 2370 summum
351 2303 448 2369 altero
471 2305 540 2366 loco
562 2305 629 2368 fere
651 2323 809 2386 nusquam
832 2307 936 2384 ipsum
952 2305 1086 2368 Graiarum
1109 2307 1256 2370 orationis
1280 2323 1354 2372 eon-

170 2397 291 2452 textum
313 2398 534 2469 recuperatum
556 2409 627 2454 esse
649 2409 836 2470 persuasum
866 2391 1057 2456 haberemus
1065 2387 1109 2472 ¹⁵).
1155 2391 1239 2456 Hane
1261 2389 1353 2471 longe

240 2561 330 2698 434114
353 2563 420 2613 44444
444 2563 580 2617 4444444444
604 2574 734 2614 uersuum
756 2563 860 2612 codicis
884 2560 903 2611 G
924 2561 1042 2612 confinia
1064 2560 1278 2623 significabimus
1301 2561 1352 2610 bac

172 2631 273 2683 lineola

240 2699 282 2760 44)
300 2699 470 2764 Plerumque,
488 2701 519 2748 ut
531 2699 675 2748 commodo
690 2711 784 2747 eorum
796 2698 1016 2762 prospiceremus
1029 2709 1062 2748 ac
1075 2696 1288 2762 consuleremus,
1305 2698 1353 2760 qui

171 2767 293 2817 adhibito
312 2768 414 2817 codicis
427 2768 590 2818 Veronensis
608 2768 762 2831 apographo
778 2767 955 2816 examineturi
974 2768 1072 2831 essent,
1092 2769 1225 2829 quatenus
1244 2765 1353 2831 supple·

171 2838 293 2888 mentum
315 2837 473 2888 4444444444
495 2835 597 2886 iactum
616 2849 679 2886 cum
698 2833 826 2886 ductibus
845 2834 1012 2899 litterarum,
1037 2836 1083 2898 qui
1102 2836 1130 2884 44
1152 2834 1171 2886 G
1188 2835 1286 2898 dispici
1305 2848 1353 2900 po·

171 2906 289 2965 tuerent,
316 2907 484 2967 congrueret,
507 2903 715 2964 crassioribus
737 2905 809 2968 typis
828 2903 1023 2957 describendas
1042 2903 1198 2954 curarimus
1217 2916 1263 2954 eas
1282 2903 1353 2954 litie-

171 2985 229 3037 ras‚
253 2985 324 3035 quae
348 2973 376 3021 in
400 2974 458 3036 ipso
482 2971 605 3025 Gleciae
629 2977 706 3032 sunt;
734 2973 830 3026 eontra
854 2972 900 3022 ubi
925 2973 1113 3024 alitterarum
1134 2971 1262 3023 ductibus
1282 2971 1354 3024 exC

172 3041 289 3090 enotatis
307 3039 492 3092 recedendum
511 3045 575 3104 erat,
598 3042 729 3092 inclinetis
747 3042 842 3090 litteris
860 3041 904 3090 usi
923 3053 1029 3091 sumus:
1053 3042 1138 3092 ueluti
1157 3041 1230 3106 quod
1250 3042 1274 3091 11
1292 3041 1352 3104 §ii

172 3112 201 3160 in
213 3112 358 3176 apparatus
372 3110 462 3158 critici
474 3111 589 3174 paginae
607 3111 688 3159 huius
705 3109 833 3159 editionis
847 3111 906 3158 tile
919 3109 1036 3160 subiecti
1053 3113 1182 3160 uersuti
1196 3122 1354 3170 expressum

172 3180 213 3230 est
227 3177 373 3232 ›toliendi
385 3178 467 3228 aedes
479 3182 506 3228 et
518 3177 650 3228 officiendi
660 3178 860 3242 luminibus«,
879 3179 908 3229 id
923 3177 1059 3241 significat
1076 3179 1181 3230 litteras
1192 3178 1312 3230 tollenti
1328 3181 1355 3228 et

172 3249 277 3298 litteras
288 3247 464 3303 luminibus
478 3248 505 3296 in
523 3248 619 3300 codice
631 3247 781 3306 Veronensi¹
800 3248 885 3302 444444
903 3260 972 3314 esse,
990 3261 1040 3311 pro
1057 3247 1154 3301 litteris
1167 3250 1225 3298 eedl
1237 3249 1354 3299 alierum

174 3318 325 3370 litterarum
343 3315 457 3368 umbras
481 3317 508 3365 in
530 3316 550 3366 C
567 3316 655 3368 uideri
673 3317 845 3382 apparuisse,
870 3316 973 3368 litteras
992 3317 1110 3382 denique
1130 3315 1352 3368 ›laedesetoffici‹

174 3385 313 3451 suppletas
331 3398 391 3437 esse
410 3385 516 3435 444444
535 3385 695 3450 4444444444
713 3386 742 3434 44
762 3385 781 3437 G
798 3386 930 3437 lectionis.
960 3386 1085 3436 Celerum
1104 3399 1159 3436 non
1178 3387 1206 3435 in
1225 3384 1354 3436 omnibus

173 3455 370 3520 supplementis
388 3454 456 3504 haec
474 3456 601 3518 typorum
620 3454 778 3506 discrimina
797 3455 918 3504 curanda
937 3455 1073 3506 duximus.

242 3524 283 3586 te)
301 3522 556 3588 supplementorum
569 3523 686 3574 formem
698 3523 844 3586 genuinam
857 3523 879 3574 sl
898 3525 960 3586 quis
972 3525 1031 3574 scia
1045 3524 1201 3574 coniectura
1213 3524 1355 3573 restituere

174 3606 203 3644 se
221 3606 301 3656 posse
320 3591 452 3660 confidet,
475 3605 558 3656 quam
576 3605 647 3648 uene
667 3594 689 3642 is
708 3595 809 3658 capiet,
833 3593 933 3642 docent
950 3593 1078 3658 permulti
1097 3592 1135 3642 iili
1154 3597 1279 3656 conatus,
1298 3593 1354 3656 qui,

173 3663 321 3724 remquam
340 3661 426 3713 codex
443 3661 608 3714 Veronensis
627 3661 717 3712 denuo
736 3663 917 3724 excuteretur,
936 3663 970 3712 ad
990 3662 1155 3714 schedarum
1174 3661 1355 3713 Goescbeuia-

174 3743 272 3780 nerum
292 3730 335 3779 444
354 3730 577 3783 Biubmiauarum
598 3729 680 3782 fidem
700 3744 715 3779 a
733 3732 801 3781 uiris
820 3731 909 3780 doctis
928 3730 989 3780 fecti
1008 3732 1085 3781 sunt:
1109 3731 1209 3794 quippe
1228 3731 1274 3793 qui
1294 3741 1355 3778 raro

175 3801 234 3863 ipsa
253 3811 284 3848 ea
304 3798 389 3850 uerba
407 3799 586 3850 coniectando
605 3801 782 3864 reppererint,
808 3813 877 3864 quae
895 3804 989 3864 postea
1008 3813 1024 3848 a
1043 3811 1085 3848 me
1103 3800 1130 3848 in
1150 3798 1245 3848 codice
1266 3798 1355 3860 clegi

175 3869 329 3932 potuerunt.
365 3869 459 3932 ltaque
483 3881 546 3919 cum
571 3868 680 3919 facilius
704 3870 879 3919 inueniuntur
904 3881 985 3932 quam
1008 3868 1141 3932 eligantur
1158 3867 1355 3932 supplementa,

175 3935 224 3986 ubi
248 3938 276 3984 in
301 3937 368 3985 locis
390 3937 540 4002 lacunosis,
564 3937 599 3986 de
623 3951 740 4001 quorum
762 3939 895 3988 sententia
913 3937 987 3987 uuila
1006 3941 1076 3988 esset
1094 3936 1239 4001 dubitatio,
1263 3936 1356 4000 plures

176 4003 321 4069 supplendi
334 4007 395 4056 uiae
408 4006 545 4071 petebant,
558 4019 640 4059 unam
653 4007 752 4069 eligere
766 4006 860 4060 malui:
880 4007 965 4056 muita
977 4005 1079 4058 adferri
1098 4006 1212 4068 possunt
1224 4005 1356 4071 exempla,

175 4074 224 4126 sed
249 4074 294 4125 uei
318 4086 403 4124 uuum
427 4089 460 4124 ex
483 4077 523 4126 eis
547 4075 689 4138 quodlibet
706 4074 833 4126 sufficiet:
859 4077 950 4138 itaque
967 4075 979 4123 1
996 4075 1011 4136 t
1028 4077 1076 4126 tea
1096 4087 1150 4126 uon
1174 4075 1279 4126 minore
1297 4075 1357 4125 iure

176 4155 259 4207 quam
283 4142 323 4207 id,
348 4143 422 4205 quod
446 4156 468 4196 4.
488 4157 510 4205 g.
535 4145 625 4208 posui,
650 4145 718 4194 44444
743 4145 931 4208 supplementa
955 4145 1072 4207 proponi
1096 4144 1234 4208 poteraut:
1262 4145 1307 4194 aed
1329 4146 1357 4194 le

175 4213 299 4274 pendere;
321 4223 383 4260 eam
400 4212 460 4260 oiim
478 4211 530 4274 (uel
548 4226 610 4261 eom
627 4213 688 4276 4444)
707 4209 829 4279 etesiaca
847 4214 951 4267 librales
969 4217 1045 4264 eruut
1061 4217 1085 4262 et
1102 4214 1228 4274 44444444
1246 4213 1356 4277 meaos,
