3190 4868
552 419 638 428 .-
684 383 743 446 133
787 419 873 430 -..
1046 386 1247 448 rusiae-ur

170 571 309 652 alioquin
331 570 505 633 uerborum
528 571 675 654 obligatio
701 575 783 634 inter
805 574 953 636 absentes
976 574 1044 636 fieri
1066 592 1128 636 non
1143 577 1250 655 possit.

21 689 22 694 κ
99 655 247 719 l371tem
269 660 302 718 43
323 658 372 720 his
395 657 606 719 contractibus
631 658 823 722 alteralteri
846 660 1005 741 obligatur
1027 659 1067 722 de
1090 680 1140 739 eo,
1165 661 1252 743 quod

21 749 22 760 ¹
170 743 305 804 alterum
334 743 425 805 alteri
455 763 496 805 ex
518 744 600 806 bono
628 751 659 806 et
685 764 787 826 aequo
818 753 980 826 praestare
1012 753 1148 826 oportet;
1180 766 1251 809 cum

170 829 364 911 alioquinin
387 830 560 892 uerborum
584 830 829 912 obligationibus
853 832 933 894 alius
957 831 1142 913 stipuletur,
1171 834 1251 894 alius

168 918 335 996 promittat,
360 919 443 978 etin
465 916 645 978 nominibus
668 916 749 978 alius
772 937 947 998 expensum
970 917 1101 980 ferendo
1124 918 1275 1001 obligete

75 997 250 1082 [l38]alius
274 1001 440 1083 obligetur.
491 1001 560 1082 [sed
588 1003 710 1064 absenti
738 1023 912 1084 expensum
940 1005 1016 1066 ferri
1044 1012 1162 1085 potest,
1194 1007 1252 1066 etsi

168 1087 343 1150 uerborum
366 1088 514 1170 obligatio
537 1107 609 1150 cum
632 1088 763 1152 absente
786 1091 925 1152 contrabi
947 1109 1010 1152 non
1031 1089 1152 1171 possit]

460 1171 509 1256 [ns
530 1195 681 1236 surrrorr
701 1197 740 1234 er
766 1177 963 1254 rrrmrrorn]

100 1259 160 1320 439
256 1260 377 1340 Emptio
400 1268 428 1321 et
448 1259 581 1322 conditio
603 1261 803 1341 contrabitur,
827 1281 899 1323 cum
920 1262 960 1324 de
979 1264 1079 1342 pretio
1096 1281 1252 1326 conuene-

169 1346 222 1423 rit,
247 1347 394 1427 quamuis
416 1345 559 1410 nondum
580 1349 718 1427 pretium
739 1355 941 1409 numeratum
971 1351 1022 1428 sit,
1050 1366 1087 1409 ac
1112 1366 1152 1409 ne
1181 1362 1292 1409 arrato

170 1431 300 1512 quidem
323 1431 395 1493 data
417 1433 528 1509 fuerit;
555 1451 628 1493 nam
651 1433 739 1514 quod
761 1453 851 1496 arrae
879 1436 1004 1496 nomine
1028 1434 1134 1513 datur,
1159 1452 1252 1516 argu-

100 1517 310 1578 ll0mentum
338 1525 386 1579 est
414 1521 579 1598 emptionis
609 1527 640 1580 et
668 1519 857 1581 uenditionis
881 1528 1066 1582 contractae.
1115 1522 1250 1582 Pretium

168 1611 275 1664 autem
302 1613 424 1666 eertum
452 1623 522 1666 esse
549 1604 654 1666 debet.
698 1624 771 1666 nam
798 1607 937 1687 alioquin
967 1610 993 1668 si
1019 1608 1062 1668 ita
1089 1609 1171 1668 iuter
1192 1625 1249 1666 uos

168 1692 364 1769 conuenerit,
399 1697 434 1751 ut
466 1693 573 1770 quanti
611 1693 708 1752 Titius
742 1711 810 1754 rem
844 1695 1068 1771 aestimauerit,
1101 1694 1178 1753 tanti
1211 1693 1251 1753 sit

168 1782 286 1855 empta,
322 1775 424 1838 Labeo
459 1779 589 1857 negauit
614 1777 713 1838 ullam
744 1781 809 1839 nim
837 1779 897 1839 hoe
925 1781 1085 1861 negotium
1116 1777 1291 1854 habere;⁴s

167 1864 258 1923 cuins
282 1864 459 1941 opinionem
474 1863 600 1926 Cassius
621 1863 743 1943 probat.
782 1863 892 1926 Ofilius
916 1873 948 1926 et
970 1884 1039 1926 eam
1061 1867 1250 1944 emptionem

99 1947 151 2007 444
168 1956 199 2008 34
213 1947 442 2024 uenditionem3
466 1951 556 2010 cuius
572 1951 749 2029 opinionem
765 1949 914 2012 Proculus
931 1958 1059 2012 secutus
1076 1957 1132 2013 est.
1172 1952 1250 2014 ltem

167 2036 305 2114 pretium
332 2036 364 2095 in
395 2041 560 2098 numerata
587 2037 719 2115 pecunia
753 2031 931 2119 cortlsistere
965 2037 1070 2099 debet.
1119 2055 1191 2098 nom
1218 2041 1377 2122 inpag.ros

167 2122 281 2181 ceteris
303 2120 402 2183 rebus
424 2139 465 2181 an
486 2123 623 2200 pretium
645 2140 716 2182 esse
737 2125 846 2201 possit,
870 2122 971 2184 ueluti
992 2123 1080 2184 homo
1103 2131 1158 2185 aut
1178 2131 1249 2204 toga

168 2212 223 2267 aut
244 2205 364 2268 fundus
386 2205 516 2268 alterius
539 2209 586 2269 rei
609 2204 756 2289 <pretium
779 2226 843 2268 esse
863 2206 984 2291 possit),
1007 2208 1104 2271 ualde
1126 2212 1290 2290 quaeri-ao

166 2299 228 2352 tar.
252 2295 351 2353 nostri
373 2301 594 2373 praeceptores
616 2301 729 2373 putant
751 2296 842 2354 etiam
865 2295 897 2354 in
919 2294 1037 2356 aliare
1060 2313 1153 2374 posse
1177 2314 1249 2356 con-

167 2379 280 2440 sistere
302 2381 446 2458 pretium.
470 2379 556 2441 unde
578 2378 659 2441 illud
683 2386 739 2458 est,
764 2379 850 2461 quod
866 2379 964 2462 uulgo
980 2387 1091 2460 putant
1105 2398 1163 2460 per
1177 2399 1249 2460 par-

167 2466 371 2526 mutationem
409 2483 517 2526 rerum
556 2468 745 2545 emptionem
783 2473 815 2526 et
851 2466 1065 2528 uenditionem
1099 2467 1247 2545 contrahi,

168 2568 303 2631 eamque
341 2553 478 2630 speciem
516 2555 679 2632 emptionis
711 2551 965 2633 uenditionisque
1003 2554 1249 2614 uetustissimam

168 2653 256 2713 esse3
280 2643 530 2718 argumentoque
552 2645 685 2700 utuntur
706 2637 824 2700 Graeco
846 2646 940 2718 pocta
961 2639 1094 2699 Homero
1118 2640 1172 2720 qui
1194 2637 1290 2708 ali-as

170 2741 232 2802 qua
254 2730 344 2803 parte
367 2725 412 2784 sic
434 2725 489 2784 ait:

237 2988 252 3049 4
271 2991 320 3037 434
339 3000 428 3052 usque
445 2988 513 3038 343
532 2992 631 3050 oportet
649 3008 680 3030 ε
699 2989 755 3052 Dig.
776 2991 821 3052 44,
841 2992 864 3053 4,
884 2992 907 3054 3,
928 2993 954 3053 3;
973 2990 988 3050 4
1008 2991 1055 3038 434
1076 2988 1215 3052 usquead
1233 2994 1248 3039 5

167 3058 303 3116 promittat
320 3076 352 3099 =
372 3057 435 3106 last.
455 3061 483 3120 ³,
502 3060 547 3121 44,
566 3061 580 3104 3
604 3052 614 3121 4
635 3057 650 3118 4
669 3060 718 3106 434
736 3076 769 3101 =
788 3059 850 3106 inst
871 3061 898 3122 3,
924 3061 954 3106 33
974 3071 1014 3122 pr.
1032 3057 1074 3120 114
1093 3060 1142 3107 444
1161 3070 1249 3122 usque

170 3125 204 3174 ad
223 3129 254 3175 44
273 3129 359 3186 empta
376 3143 408 3168 =
427 3126 491 3176 inst
511 3129 539 3190 ³,
554 3128 597 3191 33,
615 3128 625 3174 4
647 3124 689 3188 144
708 3129 753 3175 444
776 3127 917 3190 usquead
936 3130 998 3191 434,
1019 3131 1048 3177 44
1069 3140 1123 3178 esse
1141 3127 1197 3178 iere
1217 3147 1248 3170 =

169 3194 231 3244 lust.
251 3196 274 3258 3,
293 3196 335 3259 33,
353 3193 493 3257 44344433
506 3193 592 3258 parte]
610 3194 683 3244 lliad.
703 3198 726 3259 4,
746 3198 889 3246 trs-trs.

1044 3328 1249 3346 ΜΛΛΛΛΛΛΛΑΛΛ

237 3445 252 3490 3
272 3441 307 3492 (43
329 3455 361 3491 eo
387 3440 407 3492 C
431 3441 502 3505 Dic,
527 3443 555 3490 in
578 3441 607 3491 id
630 3442 692 3492 4334.
710 3441 723 3502 4
741 3443 823 3492 uerbo
844 3445 905 3493 inde
927 3444 959 3493 34
983 3445 996 3492 4
1016 3443 1085 3493 alius
1103 3443 1249 3506 stipuletur

169 3523 248 3572 usqae
270 3512 305 3560 od
329 3515 344 3560 4
367 3510 526 3560 nominibus
547 3513 576 3559 io
596 3509 679 3572 (iper
696 3524 812 3560 errorem
829 3513 867 3561 bis
888 3515 986 3573 scripta
1003 3517 1064 3561 sunt
1084 3507 1094 3578 4
1117 3510 1250 3573 tobliget

172 3578 312 3644 4433334433,
331 3578 469 3640 obligetur
493 3577 524 3643 C,
546 3579 612 3640 3334.
635 3577 840 3646 4413343334
858 3583 924 3629 4-4
943 3581 958 3641 4
978 3585 1026 3631 443
1045 3594 1080 3630 eac
1096 3581 1249 3644 ptossearote

168 3650 272 3699 uidetur
288 3650 425 3710 irrepsisse
446 3647 518 3710 (cons.
537 3648 553 3708 4
573 3652 623 3697 444
640 3649 669 3696 in
684 3647 743 3711 1433)
759 3647 770 3710 11
789 3652 803 3697 8
821 3650 951 3710 suppleuit
968 3649 1097 3712 Boeotiop
1115 3662 1148 3698 eea
1166 3648 1227 3696 lost.
1239 3649 1249 3714 44

170 3719 184 3766 4
208 3717 338 3780 suppleuit
362 3715 491 3766 Goesclteo
514 3730 548 3765 ece
569 3717 632 3766 last.
650 3715 663 3779 14
679 3729 743 3766 oum
768 3716 798 3780 C,
826 3717 990 3780 simulatque
1015 3718 1075 3768 lost.
1097 3717 1109 3779 4
1130 3720 1160 3765 43
1185 3729 1248 3766 nam

172 3783 213 3849 0¹1,
232 3799 280 3836 om.
300 3785 362 3834 last.
378 3784 433 3847 1144
450 3790 509 3846 post
526 3785 713 3835 uenditionem
731 3787 862 3836 intercidit
877 3785 988 3847 fortasse
1009 3797 1068 3836 esse
1085 3786 1250 3836 existimauit

169 3855 209 3913 ael
226 3855 310 3904 simite
329 3851 453 3916 aliquidll
473 3858 502 3903 48
522 3867 584 3903 nam
604 3855 678 3918 last,
697 3855 725 3902 in
741 3851 781 3916 014
795 3857 825 3902 44
845 3854 927 3904 homo
946 3855 1016 3918 last,
1035 3854 1088 3904 hoc
1106 3854 1187 3904 modo
1209 3849 1249 3919 014

170 3927 268 3972 49-44
292 3925 355 3985 toga
379 3921 549 3973 auttandus
577 3922 607 3986 G,
635 3922 738 3972 fundus
765 3924 812 3972 aut
838 3925 901 3986 toga
926 3923 987 3973 lost.
1008 3922 1019 3985 14
1041 3926 1071 3972 44
1095 3920 1250 3989 (13344444

172 3990 299 4042 Goesctea
318 3991 576 4054 3343341134-44
600 3992 699 4055 putant
721 3991 803 4041 etiam
818 3992 855 4041 ,in
877 3992 929 4042 alia
948 4005 978 4041 re
995 4004 1076 4057 posse
1099 3993 1248 4043 consistere

168 4062 286 4123 pretium
313 4059 344 4124 G,
368 4061 449 4109 etiam
473 4061 500 4109 in
524 4061 576 4110 alia
599 4073 628 4109 re
650 4062 748 4124 putant
769 4073 849 4123 posse
870 4061 990 4126 pretium
1013 4063 1161 4112 consistere
1184 4062 1247 4112 lost.

169 4129 273 4189 (codices
293 4128 423 4189 meliores]
443 4127 454 4192 44
476 4131 507 4177 33
529 4131 628 4193 putant
653 4127 682 4194 0,
709 4131 744 4179 34
765 4129 867 4180 dicitur
891 4131 1023 4180 lectionem
1044 4132 1142 4182 ducunt
1160 4131 1221 4182 last.
1239 4127 1249 4196 4

170 4200 200 4246 st
218 4198 365 4263 emptionis
383 4197 453 4262 last,
472 4199 672 4262 emptionisque
693 4197 718 4248 0.
