3190 4868
538 403 624 412 .-
669 366 731 430 163
777 403 859 412 --
1059 371 1093 420 iv
1112 371 1240 434 §se-aa

161 563 257 624 nibus
287 565 392 620 autem
422 559 488 618 istis
521 560 622 620 causis
651 561 743 620 certis
772 559 880 621 uerbis
903 559 1016 642 pignus
1047 560 1239 641 capiebatur,

163 655 194 710 et
223 646 263 707 ob
292 645 325 706 id
353 644 516 746 plerisqpe
544 644 689 723 placebat
714 646 795 706 hanc
822 665 949 727 quoque
980 647 1131 708 actionem
1162 647 1240 728 legis

163 735 316 795 actionem
332 747 418 806 esse,
443 729 634 811 qmbusdam
650 739 754 792 autem
772 728 909 814 (contra)
925 729 1080 811 placebat,
1104 733 1240 811 primum

162 818 249 901 quod
270 818 408 900 pignoris
432 818 518 896 capio
541 824 629 878 extra
650 819 700 879 ius
722 817 944 899 peragebatur,
968 817 1000 880 id
1017 825 1141 879 estnon
1156 819 1240 898 apud

67 937 71 946 ·
161 911 347 986 praetorem,
370 901 560 982 plerumque
584 905 676 964 etiam
699 903 827 965 absente
850 902 1046 984 aduersario,
1071 923 1143 965 cum
1166 905 1265 966 alio-o

161 994 237 1072 quin
266 991 379 1051 ceteris
407 987 581 1050 actionibus
608 1008 670 1051 non
698 989 789 1050 aliter
818 992 864 1051 uti
885 998 1015 1069 possent
1038 1009 1133 1070 quam
1156 991 1241 1070 apud

160 1084 338 1160 praetorem
353 1082 520 1154 praesente
536 1073 728 1154 aduersario,
745 1084 909 1154 praeterea
925 1075 1011 1156 quod
1025 1077 1146 1138 nefasto
1163 1096 1242 1157 quo-

161 1183 224 1244 que
237 1163 299 1241 dre,
316 1160 410 1222 idest
425 1180 487 1242 quo
499 1179 561 1222 non
573 1161 687 1223 licebat
697 1161 768 1242 lege
782 1181 884 1244 agere,
901 1165 1015 1243 pignus
1028 1165 1096 1241 capi
1108 1171 1239 1242 poterat.

108 1264 151 1324 30
247 1247 312 1310 Sed
334 1249 412 1309 istae
434 1265 541 1308 omnes
564 1247 643 1329 legis
666 1249 802 1310 actiones
824 1247 976 1328 paulatim
997 1251 1029 1310 in
1052 1247 1159 1309 odium
1181 1269 1241 1310 ue-

160 1341 285 1397 nerunt.
320 1351 454 1414 namque
476 1353 516 1395 ex
537 1336 632 1394 nimia
655 1334 826 1396 subtilitate
849 1341 995 1396 ueterum
1011 1337 1066 1415 qui
1081 1343 1156 1396 tunc
1170 1337 1240 1396 iura
1252 1347 1281 1392 44

161 1420 372 1484 condiderunt
394 1439 431 1481 eo
453 1437 505 1480 res
528 1419 682 1499 perducta
704 1428 765 1498 est,
794 1428 830 1482 ut
853 1421 906 1482 uel
929 1423 983 1502 qui
1005 1423 1168 1482 minimum
1192 1441 1242 1482 er-

160 1514 270 1586 rasset,
297 1506 376 1566 litem
397 1505 556 1584 perderet.
584 1507 690 1587 itaque
712 1525 771 1584 per
792 1507 895 1589 legem
918 1505 1084 1587 Aebutiam
1107 1515 1138 1568 et
1161 1507 1240 1569 duas
1356 1508 1372 1549 ’4
1393 1506 1415 1548 1³³
1491 1507 1496 1536 ⁴³
1555 1511 1560 1518 '

106 1594 256 1676 „rimiae
280 1591 424 1653 sublatae
448 1599 521 1652 sunt
542 1594 620 1653 istae
644 1593 722 1673 legis
745 1596 882 1654 actiones
899 1593 1109 1674 effectumque
1126 1599 1182 1672 est,
1205 1601 1241 1654 ut

109 1697 146 1756 34
161 1699 220 1761 per
248 1686 398 1757 concepta
427 1678 543 1758 uerba,
570 1677 603 1739 id
632 1687 680 1740 est
700 1697 759 1758 per
781 1679 932 1740 formulas
953 1679 1117 1760 litigemus.
1162 1681 1240 1740 Tan-

160 1776 229 1828 tum
258 1783 299 1826 ex
328 1763 453 1826 duabus
480 1766 583 1825 causis
611 1768 801 1843 permissum
825 1773 872 1827 est
893 1766 963 1847 lege
986 1784 1096 1848 agere:
1135 1765 1282 1827 damnit5

160 1853 267 1914 inlecti
290 1857 321 1912 et
343 1853 369 1912 si
392 1849 619 1912 centumuirale
641 1851 793 1912 iudicium
815 1853 955 1912 futurum
978 1860 1031 1913 est.
1069 1871 1144 1914 sane
1168 1853 1240 1932 qut,

160 1939 228 2000 dem
251 1955 323 1998 cum
346 1937 386 1998 ad
409 1938 619 1999 centumuiros
641 1940 714 2016 itnr,
739 1944 810 2000 ante
832 1937 901 2018 lege
924 1941 1026 2019 agitur
1047 1945 1240 2000 sacramento

161 2023 248 2104 apud
284 2032 462 2102 praetorem
499 2023 658 2084 urbanum
698 2023 752 2084 uel
791 2026 994 2105 peregrinum
1031 2023 1239 2108 [praetoreml.

161 2111 268 2172 damni
290 2127 367 2170 uero
390 2109 496 2171 infecti
517 2128 609 2170 nemo
631 2109 703 2169 uult
729 2109 799 2191 lege
830 2129 933 2191 agere,
966 2110 1023 2172 sed
1053 2113 1158 2190 potius
1187 2113 1241 2171 sti-

160 2196 321 2276 pulatione
345 2214 424 2276 quae
449 2197 482 2256 in
505 2194 605 2256 edicto
629 2197 788 2274 proposita
811 2205 859 2258 est
881 2196 999 2278 obligat
1021 2196 1240 2259 aduersarium
1251 2207 1281 2252 so

161 2301 265 2360 suum,
289 2281 384 2361 idque
408 2290 439 2343 et
461 2281 653 2342 commodius
675 2283 725 2342 ius
742 2291 773 2343 et
787 2282 911 2360 plenius
928 2291 985 2344 est.
1023 2302 1082 2361 per
1100 2285 1239 2364 pignoris

159 2361 1241 2452 ilcaptonem———ffll—
1251 2387 1309 2437 pag.
1324 2379 1373 2425 444

471 2453 512 2513 (25
529 2466 623 2501 44444444
639 2455 668 2501 in
688 2453 708 2502 C
724 2454 774 2515 lepi
791 2453 928 2514 nequeunt)

11 1635 24 1678 4Δ
44 1615 102 1718 ¹²⁸3

23 2587 27 2594 ’
110 2573 316 2660 3pllapparet.
362 2575 436 2634 Item
468 2575 500 2634 in
534 2593 569 2634 ea
598 2574 706 2654 forma,
742 2593 823 2655 quae
851 2572 1021 2652 publicano
1044 2576 1238 2654 proponitur,
1250 2593 1309 2644 pag.
1323 2584 1370 2630 444

82 2654 86 2660 ’
162 2663 232 2723 talis
261 2661 343 2722 fictio
374 2667 437 2739 est,
460 2667 496 2720 ut
518 2667 635 2740 quanta
655 2663 790 2740 pecunia
812 2659 899 2737 obm,
930 2663 956 2720 si
979 2663 1092 2741 pignus
1115 2668 1282 2740 captumst

163 2755 256 2828 esset,
294 2746 327 2808 id
363 2748 477 2827 pignus
511 2748 537 2807 is
571 2765 589 2808 a
620 2765 682 2827 quo
717 2755 842 2826 captum
876 2753 943 2807 erat
975 2746 1064 2808 luere
1099 2745 1240 2825 deberet,

110 2841 280 2912 33tantam
306 2835 472 2912 pecuniam
499 2833 734 2894 condemnetur.
783 2831 878 2895 Nulla
904 2839 1009 2894 autem
1036 2833 1172 2893 formula
1201 2833 1239 2895 ad

163 2920 365 2982 condictionis
388 2919 543 2979 fictionem
567 2921 762 2998 exprimitur.
795 2922 862 2981 siue
886 2921 969 2978 enim
993 2921 1156 2999 pecuniam
1172 2922 1240 2981 siue

162 3025 230 3068 rem
254 3005 392 3085 aliquam
419 3011 536 3065 certam
564 3004 703 3066 debitam
731 3005 822 3067 nobis
849 3011 1010 3084 petamus,
1043 3024 1112 3066 eam
1141 3008 1241 3086 ipsam

161 3105 1240 3124 MMMMAAMAMAMWMNQMWWWWMANW

233 3164 246 3208 ³
267 3161 363 3210 contra
380 3160 493 3220 encomii
509 3161 598 3222 pratia
616 3161 733 3210 additum
751 3165 789 3210 444
800 3162 864 3210 duce
877 3160 1042 3224 344444444ρὶ4,
1067 3161 1132 3222 cons.
1154 3161 1204 3212 Gai
1216 3168 1240 3225 2,

162 3232 195 3279 78
224 3227 234 3296 n
265 3227 385 3293 icapio]
409 3229 497 3292 captio
524 3228 554 3292 C,
579 3228 644 3290 cons.
671 3228 703 3280 0Ε
722 3242 785 3293 paq.
801 3234 852 3279 445
871 3231 985 3279 aeram
1016 3226 1026 3296 ΙΙ
1055 3233 1241 3316 spraetorem

165 3299 302 3362 Goeselren,
333 3311 357 3362 p·
376 3309 400 3344 r·
435 3299 458 3359 (i.
489 3310 509 3346 4.
538 3296 672 3361 populum
701 3298 860 3360 Romanum)
893 3297 921 3362 C,
952 3298 1018 3360 cons.
1051 3297 1083 3348 ΟΕ
1110 3311 1172 3363 paq.
1190 3303 1241 3352 288

162 3381 231 3417 nera.
254 3369 288 3417 57
316 3364 327 3433 ΙΙ
356 3365 468 3416 absente
493 3366 633 3431 Goeacben,
660 3366 800 3416 absentem
826 3367 846 3417 G
872 3365 883 3434 ll
913 3370 927 3416 6
949 3371 1062 3430 possent
1084 3367 1240 3428 Lachmann,

162 3437 256 3500 posset
277 3435 296 3486 G
324 3433 334 3494 ΙΙ
363 3439 376 3483 7
397 3434 501 3485 nefasto
523 3435 663 3500 Goescben,
683 3435 790 3486 neiacto
812 3435 831 3486 C
851 3431 860 3503 ss
884 3439 898 3485 8
918 3435 962 3484 die
984 3436 1121 3499 Goeselien,
1139 3436 1174 3484 de
1198 3431 1242 3498 cll

164 3508 195 3553 444
214 3516 333 3568 namque
347 3503 484 3568 Gocsclien,
503 3517 566 3554 nam
585 3505 632 3567 qui
654 3504 687 3555 0¹¹
704 3501 715 3569 ll
732 3508 764 3553 ts
784 3505 859 3554 litem
875 3504 1011 3567 Goescben,
1031 3505 1052 3552 it
1071 3503 1090 3553 C
1106 3501 1116 3568 ΙΙ
1135 3506 1166 3552 44
1186 3502 1241 3552 liti-

163 3586 259 3637 gemus
277 3587 311 3622 444
328 3573 476 3636 litigatores
494 3570 656 3623 correctam?
683 3573 717 3624 ΟΠ
748 3571 758 3638 ΙΙ
787 3577 819 3622 ta
842 3576 883 3623 est
904 3572 1044 3636 Goeschen,
1068 3572 1156 3622 estid
1175 3571 1241 3634 legis

163 3643 300 3692 actionem
329 3641 419 3692 faeere
452 3641 471 3692 C
503 3643 545 3704 (444
573 3641 733 3705 94444444444)
771 3638 781 3704 ll
817 3645 848 3692 46
880 3641 1011 3704 futurum]
1042 3637 1155 3690 iurum?
1189 3640 1208 3690 G
1232 3638 1242 3704 ΙΙ

164 3715 264 3760 iti-lt
299 3711 409 3774 quidem
437 3711 511 3774 (conf.
533 3710 628 3773 Gaii,
654 3709 719 3773 toll]
743 3707 778 3774 q?
805 3711 850 3774 0¹¹;
880 3711 992 3772 sortasse
1018 3710 1082 3758 nibil
1103 3712 1154 3759 nisi
1176 3721 1241 3758 sane

164 3794 227 3830 cum
246 3779 281 3830 ad
300 3781 487 3831 centumuiros
510 3781 560 3830 etc.
584 3781 689 3829 dederat
710 3779 790 3829 Gaias
818 3775 828 3846 ΙΙ
859 3783 891 3828 it
909 3778 1096 3828 centumuiros
1119 3779 1240 3840 Hollwep,

163 3850 350 3912 gentumuiros
371 3848 390 3898 G
409 3847 419 3914 ΙΙ
441 3852 471 3897 20
491 3862 561 3912 quae
581 3846 867 3912 (4444414444,(44444440Π
887 3845 897 3914 ΙΙ
920 3851 947 3896 st
971 3846 1064 3911 idque]
1084 3848 1176 3910 itaque
1197 3843 1242 3910 Cli

165 3922 196 3967 24
219 3921 247 3968 in
269 3920 362 3969 codicia
388 3918 525 3981 apennia
543 3921 592 3967 499
625 3917 707 3966 Gaius
729 3919 822 3967 adiecit
850 3930 881 3966 44
907 3930 972 3978 qnae
999 3918 1029 3966 de
1053 3917 1116 3979 lepis
1143 3917 1242 3965 44444444

160 4000 209 4048 per
234 3990 352 4050 pignoris
379 3990 511 4048 cepionem
538 3987 657 4036 addenda
683 3990 771 4047 erant;
800 3987 890 4036 deinde
917 3987 951 4035 ad
976 3985 1104 4048 sormmas
1129 3986 1240 4045 redibat,
1270 3987 1278 4033 t
1287 3979 1300 4061 ,l
1328 4022 1331 4026 .

163 4070 228 4117 qaae
253 4057 520 4124 ad-lletionamlepis
546 4057 654 4106 actionis
676 4055 889 4116 exprimebantur
917 4052 927 4120 ΙΙ
956 4057 988 4104 st
1013 4055 1081 4103 ltem
1106 4053 1242 4116 6444414444,
1268 4044 1294 4093 ²¹.
1352 4075 1355 4082 ·

164 4128 235 4175 cont.
262 4118 397 4242 04941028
420 4119 565 4189 pecuniam
591 4123 732 4189 Goeseben,
757 4124 873 4188 pecunia
903 4121 922 4174 C
951 4121 960 4189 ΙΙ
990 4126 1026 4171 ss,
1046 4136 1106 4173 eam
1131 4137 1165 4173 em
1187 4123 1242 4173 lam

164 4198 319 4244 correctam.
368 4231 373 4242 .

987 4294 1036 4345 ll*
