3094 4860
312 357 335 408 11
353 355 515 418 esee-ass
703 392 787 400 -
830 355 871 418 gg
915 391 1000 402 .-..

312 547 448 608 actiones
472 564 553 626 quae
576 548 645 607 iure
668 545 753 607 ciuili
775 545 885 608 heredi
908 553 939 606 et
960 547 991 608 in
1006 543 1158 607 heredem
1177 553 1392 626 conpeterent,

312 631 372 712 (ei)
395 639 426 694 et
448 634 479 692 in
495 651 568 693 eum
585 631 744 711 darentur,
767 633 818 692 oui
834 651 873 693 ex
888 630 1129 692 fideicommisso
1145 634 1289 694 restituta
1308 641 1395 694 esset

312 717 480 780 hereditas.
511 735 570 798 per
592 717 677 798 quod
702 717 1010 780 senatusconsultum
1038 717 1200 779 desierunt
1221 718 1294 780 illae
1318 737 1395 780 cau-

311 806 411 867 tiones
434 807 466 865 in
488 821 551 866 usu
572 803 691 865 haberi.
724 803 736 886 ΙΙ
765 810 893 884 praetor
919 805 1003 865 enim
1028 803 1122 865 utiles
1149 807 1286 866 actiones
1309 806 1339 866 ei
1362 813 1397 866 et
1405 827 1468 878 pag.
1484 817 1533 863 iis

312 892 344 952 in
376 909 450 951 eum
478 892 533 972 qui
562 891 681 969 recepit
710 889 916 952 hereditatem
945 892 1036 970 quasi
1057 889 1168 951 heredi
1191 898 1222 952 et
1243 893 1275 952 in
1296 891 1420 952 here-s

241 975 301 1037 ati
314 975 386 1037 dem
410 975 486 1038 dare
509 979 619 1056 coepit,
643 995 761 1057 eaeque
783 977 815 1036 in
838 975 939 1037 edieto
961 983 1190 1056 proponuntur.
1235 976 1299 1040 Sed
1321 995 1397 1038 rur-

313 1080 368 1124 sus
391 1065 465 1142 quia
487 1063 622 1124 heredes
652 1065 773 1142 scripti,
804 1081 876 1123 eum
906 1071 961 1122 aut
982 1069 1078 1123 totam
1105 1061 1311 1125 hereditatem
1339 1071 1397 1123 aut

312 1166 413 1227 paene
439 1155 535 1209 totam
560 1148 750 1229 plerumque
776 1150 942 1210 restituere
964 1148 1166 1229 rogabantur,
1190 1148 1278 1212 adire
1300 1150 1396 1210 here-

314 1233 441 1295 ditatem
464 1234 504 1296 ob
527 1234 651 1296 nullum
673 1242 728 1296 aut
749 1236 911 1294 minimum
933 1233 1057 1294 luorum
1075 1235 1273 1314 recusabant,
1297 1242 1396 1315 atque

314 1319 354 1381 ob
382 1320 415 1382 id
443 1321 708 1402 extinguebantur
730 1319 986 1399 fideicommissa,
1009 1327 1117 1399 posteo
1139 1323 1256 1402 Pegaso
1280 1329 1311 1381 et
1333 1322 1438 1382 Pu-lo

314 1408 399 1468 sione
422 1404 627 1485 (oonsulibus)
655 1415 782 1469 senatus
806 1408 938 1484 censuit,
966 1412 1003 1466 ut
1029 1408 1058 1468 ei
1081 1409 1135 1487 qui
1161 1414 1289 1487 rogatus
1312 1415 1397 1468 esaei

312 1492 518 1554 hereditatem
540 1493 722 1570 restituere,
745 1492 879 1571 proinde
901 1492 1010 1553 liceret
1032 1499 1176 1572 quartam
1198 1500 1320 1572 partem
1342 1511 1396 1554 re-

311 1581 421 1658 tinere,
445 1585 540 1658 alque
564 1597 581 1638 e
604 1578 673 1658 lege
697 1577 832 1638 Falcidia
854 1579 885 1639 in
907 1578 1019 1658 legatis
1041 1581 1178 1639 retinere
1199 1578 1393 1640 conceditur.

313 1663 364 1748 (ex
386 1663 517 1745 singulis
540 1683 667 1743 quoque
690 1663 796 1742 rebus,
825 1682 907 1744 quae
926 1682 985 1743 per
1000 1663 1276 1726 fideicommissum
1298 1663 1397 1726 relin-

314 1758 437 1830 ounlur,
461 1749 573 1811 eadem
595 1751 726 1810 retentio
754 1752 909 1828 permissa
932 1747 1000 1830 est.)
1047 1769 1105 1830 per
1134 1749 1221 1830 quod
1249 1758 1439 1812 senatus-is

313 1836 492 1898 consultum
514 1837 581 1914 ipse
604 1833 723 1916 (lieres)
746 1854 842 1897 onera
863 1835 1052 1898 hereditaria
1075 1839 1217 1898 sustinet.
1261 1835 1314 1897 ille
1338 1855 1398 1897 au-

314 1930 392 2002 tem,
427 1923 482 2001 qui
519 1940 559 1982 ex
582 1920 821 1982 fideicommisso
858 1922 1015 2003 reliquam
1050 1929 1173 2002 partem
1209 1922 1395 1984 hereditatis

314 2009 436 2087 recipit,
467 2007 607 2088 legatarii
628 2009 767 2087 partiarii
789 2008 856 2068 loco
880 2015 937 2087 est,
961 2007 994 2069 id
1017 2016 1065 2069 est
1087 2011 1155 2070 eius
1177 2008 1320 2090 legatarii
1344 2011 1396 2070 cui

313 2112 387 2174 pars
409 2094 565 2155 bonorum
587 2093 723 2174 legatur;
747 2113 828 2174 quae
852 2096 973 2174 species
996 2093 1088 2175 legati
1110 2096 1233 2174 partitio
1249 2101 1394 2173 uocatur,

315 2182 389 2260 quia
421 2199 493 2240 oum
525 2179 644 2241 herede
677 2180 846 2260 legatarius
878 2183 1014 2259 partitur
1045 2181 1260 2242 hereditatem.
1307 2179 1440 2242 undoso

314 2266 460 2328 ellectum
484 2272 539 2344 est,
563 2272 599 2326 ut
621 2284 702 2345 quae
726 2263 826 2327 solent
847 2265 1064 2345 stipulationes
1086 2269 1168 2328 inter
1188 2266 1341 2328 heredem
1364 2274 1398 2327 et

314 2355 497 2432 partiarium
519 2351 705 2433 legatarium
720 2353 884 2432 interponi,
909 2350 1036 2414 eaedem
1048 2354 1288 2431 interponantur
1309 2355 1394 2414 inter

315 2458 396 2518 eum,
422 2441 477 2520 qui
499 2457 539 2500 ex
562 2438 794 2500 fideicommissi
816 2456 911 2500 causa
925 2439 1036 2518 recipit
1052 2437 1268 2517 hereditatem,
1293 2445 1324 2498 et
1339 2438 1398 2500 he·

314 2525 437 2602 redem,
466 2524 499 2586 id
526 2530 574 2586 est
602 2531 638 2585 ut
665 2532 694 2584 et
715 2523 839 2586 luorum
862 2532 894 2585 et
915 2523 1066 2585 damnum
1088 2523 1314 2585 hereditarium
1337 2542 1395 2604 pro

243 2605 380 2671 astrata
401 2617 491 2690 parte
514 2612 595 2672 inter
618 2628 672 2672 eos
695 2629 859 2672 commune
882 2612 929 2672 sit.
975 2611 1057 2691 Ergo
1073 2609 1229 2690 siquidem
1244 2628 1307 2670 non
1322 2609 1442 2688 plusas

315 2716 408 2776 quam
441 2695 627 2758 dodrantem
651 2695 664 2777 ll
687 2695 868 2758 hereditatis
902 2697 1036 2775 scriptus
1070 2697 1162 2758 heres
1196 2703 1325 2776 rogatus
1357 2697 1474 2773 sitpag.
1489 2713 1537 2758 iso

312 2785 493 2862 restituere,
516 2790 584 2843 tum
615 2802 655 2843 ex
680 2782 879 2844 Trebelliano
914 2783 1184 2844 senatusconsulto
1218 2783 1398 2844 restituitur

1111 2931 1378 2947 ΧΥψκΑΛΛΑΛΛΛΙ·-ΛΙΧνυ
1390 2936 1394 2943 ι

315 3089 325 3137 1
361 3021 470 3138 fawel
483 3019 539 3139 iesre
552 3040 583 3064 =
596 3021 660 3071 lnsl.
682 3024 705 3085 2,
725 3024 765 3084 23,
784 3024 797 3070 5
816 3017 826 3085 ll
842 3023 919 3083 §255
939 3033 1027 3085 usque
1045 3020 1080 3070 ad
1093 3023 1133 3084 97,
1153 3023 1166 3068 3
1190 3019 1350 3069 Trebelliano
1363 3039 1394 3061 =

328 3101 378 3140 ns.
414 3127 420 3154 ‚
473 3126 479 3153 ‚
516 3125 522 3138 .

1346 3238 1397 3254 ΛΛΙ·

383 3350 393 3394 4
417 3347 538 3396 actiones
558 3343 583 3410 C,
602 3357 697 3396 omnes
715 3347 835 3395 actiones
854 3345 916 3397 iusi.
931 3341 942 3409 ΙΙ
959 3348 974 3394 2
993 3345 1018 3395 ei
1037 3344 1107 3407 inst,
1125 3357 1173 3394 om.
1194 3341 1238 3409 Gli
1256 3347 1331 3394 esset
1351 3343 1394 3409 Cu,

316 3416 357 3466 esi
374 3415 435 3466 lost.
464 3413 475 3482 ll
504 3419 517 3464 il
541 3427 590 3479 per
610 3413 644 3476 C,
672 3416 735 3480 post
761 3415 822 3464 ieet.
850 3414 909 3477 (ooo
925 3413 1017 3476 inepte)
1045 3410 1056 3478 ll
1085 3416 1099 3461 t
1127 3425 1228 3476 eaeque
1258 3412 1396 3477 Goeeelteo,

315 3497 401 3548 eoque
434 3483 454 3536 G
480 3480 490 3548 ΙΙ
518 3483 614 3534 rursus
643 3481 670 3548 0,
699 3495 747 3534 om.
767 3484 827 3533 imi.
855 3477 864 3549 ll
893 3487 908 3532 a
931 3487 977 3532 aut
998 3481 1028 3546 G,
1055 3481 1099 3531 uei
1122 3482 1183 3532 isat.
1211 3476 1221 3545 ΙΙ
1250 3484 1281 3530 tl
1302 3483 1397 3544 postea
1480 3492 1494 3512 ·

315 3554 414 3616 Pegaso
441 3555 469 3602 et
494 3553 610 3602 Pusione
637 3551 806 3614 oonsulibus]
836 3553 927 3617 polest
954 3547 986 3612 (i)
1014 3562 1115 3614 pegaso
1147 3553 1174 3600 el
1201 3550 1319 3600 Pusione
1348 3549 1391 3614 0¹¹,

314 3626 410 3686 postea
437 3621 598 3686 Vespasiani
627 3621 740 3686 Augusti
777 3619 946 3685 temporibus
978 3619 1078 3682 Pegaso
1116 3620 1144 3667 ot
1176 3619 1293 3668 Pusione
1331 3631 1396 3669 con-

315 3690 422 3741 sulihus
440 3691 501 3740 lost.
523 3687 534 3756 ΙΙ
557 3693 582 3740 44
606 3695 677 3742 esset
694 3692 765 3752 lost,
783 3692 824 3739 est
843 3689 863 3740 G
882 3684 892 3756 ΙΙ
916 3691 946 3736 ta
968 3687 1084 3751 proinde
1105 3687 1148 3751 01¹,
1170 3687 1284 3752 perinde
1307 3685 1398 3753 imtq

316 3763 348 3808 43
368 3772 383 3809 e
404 3759 430 3824 0,
449 3773 497 3810 om.
517 3759 579 3810 iosl.
604 3756 615 3823 ΙΙ
641 3761 668 3810 in
689 3758 715 3824 C,
734 3772 766 3808 ex
785 3759 845 3807 imt.
867 3754 877 3823 ΙΙ
903 3758 1020 3807 retinere
1039 3756 1099 3806 ieet.
1119 3756 1161 3819 lec
1179 3753 1396 3820 emeodctlooei'),

316 3828 464 3878 retinendis
486 3828 516 3893 G,
543 3830 610 3890 qood
634 3829 788 3878 uocabulum
813 3840 847 3876 ec
872 3827 1024 3890 glossemate
1049 3829 1141 3875 actum
1166 3838 1221 3874 erse
1246 3827 1397 3886 suspicatur

317 3897 459 3946 Mommsen
486 3897 496 3961 ΙΙ
525 3899 557 3948 is
575 3911 625 3962 per
645 3897 676 3962 0,
701 3899 764 3962 post
785 3897 848 3946 imt.
873 3897 940 3956 (cum
962 3893 1103 3956 Theophila)
1135 3891 1146 3959 ΙΙ
1174 3897 1206 3943 to
1225 3893 1305 3944 lieres
1324 3894 1396 3958 ieet,

316 3977 365 4016 oon
386 3966 406 4017 G
430 3963 440 4030 ΙΙ
467 3969 498 4016 ii
517 3967 667 4030 relinquam
686 3967 790 4030 partem
813 3963 972 4014 hereditatis
993 3963 1093 4027 recipit
1111 3961 1142 4025 C,
1169 3963 1273 4025 recepit
1288 3964 1397 4026 partem

316 4033 473 4085 hereditatis
496 4035 557 4085 lost.
586 4031 596 4099 ΙΙ
624 4038 656 4084 ii
674 4034 785 4083 eaedem
814 4033 887 4095 lost,
915 4031 1012 4082 eadem
1046 4029 1066 4082 O
1092 4029 1102 4096 ll
1132 4034 1163 4080 ιι
1190 4030 1398 4082 fideicommissi

317 4114 401 4152 causa
420 4101 461 4167 Gn,
488 4102 699 4154 fideicommisso
719 4103 779 4152 lost.
807 4096 817 4168 ss
846 4102 943 4166 recipit
963 4100 1099 4164 Goeecleo,
1122 4097 1248 4164 recipio
1276 4098 1286 4165 ΙΙ
1316 4102 1348 4149 ii
1366 4104 1398 4150 ut

245 4171 246 4176 ’
317 4172 344 4218 et
362 4171 431 4232 inst,
457 4173 489 4220 ut
506 4171 586 4222 estc
609 4169 619 4236 ΙΙ
647 4175 679 4220 26
698 4183 779 4234 quam
799 4169 870 4232 inst..
896 4183 968 4235 quan
989 4168 1008 4220 G
1032 4164 1042 4235 ΙΙ
1068 4171 1177 4218 titum
1198 4167 1229 4232 C,
1248 4170 1316 4218 tunc
1335 4170 1397 4218 lost.
