3084 4868
515 388 822 430 ——rii.1---m

78 557 141 618 iolii
166 557 229 617 l08
252 559 366 639 pagina
388 575 482 619 uersa
505 559 678 619 recentiore
701 559 858 636 scriptura
873 564 998 634 vacant;
1023 557 1135 620 eadem
1149 561 1181 620 in
1197 557 1262 620 lolii

78 645 134 704 toa
166 643 284 724 pagina
311 661 406 704 uersa
427 643 532 705 media
559 643 681 705 desinit.
726 642 875 705 librarius
903 643 1015 705 litteris
1044 663 1123 726 quas
1149 652 1263 707 uocant

77 728 350 791 semi-uncialibus
384 746 463 791 usus
497 737 559 805 est;
597 729 682 790 locos
715 735 820 790 tamm
854 748 895 790 ex
927 729 984 791 Gai
1013 730 1263 792 Institutionibus

78 817 268 894 exscriptos,
307 813 349 875 ad
385 832 464 895 quos
502 822 622 896 spectat
658 815 893 895 Interpretatio,
933 815 1045 876 littoris
1082 816 1263 879 maiusculis

78 898 258 978 distinxisti
311 900 395 962 idem
421 903 540 980 passim
573 902 746 980 scripturae
775 901 968 981 compendiis
990 919 1069 964 usus
1093 910 1141 964 est
1162 903 1264 964 isdem

77 987 153 1066 lere,
179 1005 262 1067 quae
284 988 317 1047 in
338 986 420 1047 libro
443 989 615 1049 Veronensi
638 992 828 1066 comparent.

163 1073 229 1134 Sex
259 1073 445 1153 paginarum
471 1073 637 1134 lectionem
662 1071 813 1134 Aemilius
845 1071 1004 1136 Chatelain
1029 1074 1062 1134 in
1088 1071 1263 1152 annalibus,

79 1159 199 1239 quihus
240 1157 351 1219 titulus
393 1165 442 1220 est
478 1161 584 1220 Revue
622 1157 663 1219 de
699 1157 883 1239 philologia,
921 1159 985 1220 uol.
1022 1159 1122 1220 XXlll
1159 1156 1271 1239 (1899),
1323 1176 1328 1192 ·

76 1262 146 1326 pag.
166 1241 330 1304 ott-tat
359 1243 480 1324 publici
502 1245 579 1306 iuris
602 1244 676 1304 fecit
697 1242 821 1324 reliqua
842 1262 916 1304 mox
931 1245 962 1305 in
980 1243 1082 1306 isdem
1098 1243 1265 1306 annalibus

79 1331 235 1392 editurus.
281 1348 321 1391 ne
344 1333 502 1392 tamenin
524 1330 712 1391 hacnostra
734 1331 790 1391 Gai
813 1327 949 1392 editione
972 1337 1026 1392 aut
1049 1331 1265 1410 Interpretatio

13 1473 15 1480 .
78 1415 318 1478 desideraretur
339 1423 395 1478 aut
417 1415 510 1478 editio
533 1417 601 1496 ipsa
624 1415 742 1478 diutius
764 1417 983 1496 sustineretur,
1006 1416 1057 1477 uir
1073 1415 1265 1478 clarissimus

77 1501 231 1584 singulari
258 1501 448 1563 liberalitate
477 1503 644 1582 concessit,
673 1508 709 1562 ut
734 1519 771 1562 ea
800 1520 881 1582 quae
908 1501 1049 1564 nondum
1076 1501 1265 1582 prodierunt

77 1607 116 1650 ex
145 1587 274 1650 schedis
302 1589 367 1649 suis
397 1587 540 1666 ederem,
575 1605 674 1650 nouas
706 1606 834 1668 quoque
862 1589 1047 1668 paginarum
1076 1591 1137 1648 iam
1168 1587 1267 1648 edita·

76 1693 146 1735 rum
176 1673 326 1735 lectiones
355 1693 478 1736 mecum
506 1675 754 1735 communicauit.
803 1681 967 1752 praeterea
996 1691 1055 1735 sex
1081 1675 1267 1754 paginarum

77 1758 138 1842 (fol.
178 1760 254 1840 tot,
287 1759 362 1840 too,
394 1759 475 1839 ⁴08¹,
508 1757 594 1841 qqu)
624 1761 775 1840 imagines
811 1765 877 1821 arte
903 1759 1109 1841 photographi
1140 1759 1265 1821 effectas

79 1847 154 1908 mihi
185 1847 369 1924 transmisit,
401 1863 536 1926 quarum
565 1864 624 1926 ope
654 1847 842 1925 scripturam
870 1845 944 1906 libri
966 1847 1086 1926 antiqui
1109 1864 1181 1906 cum
1203 1845 1267 1906 lec-

77 1934 160 1992 tione
185 1930 271 1993 edita
292 1931 434 1992 conferre
457 1933 532 1992 mihi
554 1931 650 1992 licuit.
684 1931 771 1993 unde
796 1933 899 1994 uirum
914 1931 1123 1994 clarissimum
1143 1949 1266 1992 summa

79 2037 150 2079 cum
181 2017 342 2099 diligentia
372 2035 408 2078 ac
434 2017 497 2078 fide
526 2017 692 2080 lectionem
718 2019 889 2097 perfecisse
921 2019 1065 2099 iurisque
1094 2025 1183 2079 notas
1212 2036 1267 2097 op·

78 2105 151 2165 time
188 2103 379 2182 explicuisse
406 2105 560 2183 apparuit.
605 2105 637 2164 in
665 2105 773 2184 paucis
803 2110 924 2165 tantum
951 2103 1027 2166 locis
1054 2103 1095 2165 ab
1123 2102 1266 2164 eiusdem

78 2189 214 2250 lectione
237 2188 452 2250 recedendum
476 2207 546 2251 esse
570 2191 644 2250 mihi
672 2191 777 2251 uisum
806 2197 871 2264 est;
895 2186 982 2270 quod
1008 2191 1040 2250 in
1068 2189 1266 2251 adnotatione

79 2277 184 2336 critica
208 2275 302 2336 huius
319 2275 463 2338 editionis
478 2277 521 2336 ita
535 2275 706 2336 indicatum
722 2282 778 2353 est,
801 2283 838 2336 ut
852 2273 1002 2336 lectiones
1018 2274 1142 2336 Aemilii
1157 2275 1268 2338 Chate-

80 2360 140 2422 lain
164 2361 278 2422 litteris
299 2357 349 2442 A0,
371 2368 497 2422 nostrae
520 2360 631 2422 litteris
653 2356 695 2421 Aa
717 2361 976 2442 significarentur.

165 2445 252 2507 Folia
274 2453 379 2509 antem
402 2448 521 2528 antiqui
543 2446 617 2508 lihri
638 2465 701 2507 non
716 2449 838 2527 integra
852 2447 884 2506 in
899 2447 1039 2510 Cassiani
1056 2446 1267 2507 institutiones

82 2533 235 2594 translata
258 2539 340 2613 sunt,
364 2531 423 2594 sed
446 2540 480 2594 ut
496 2531 822 2613 formae‘reliquorum
842 2531 988 2594 foliorum
1003 2531 1266 2611 adaequarentur,

83 2637 153 2679 cum
169 2619 312 2700 margine
334 2621 490 2680 exteriore
505 2636 579 2698 pars
598 2619 773 2698 scripturae
796 2624 918 2679 resecta
941 2625 997 2679 est.
1042 2617 1172 2678 lacunas
1195 2635 1268 2677 oon-

84 2711 188 2766 textus
211 2703 286 2764 inde
313 2711 437 2766 exortas
464 2705 545 2764 intra
567 2705 698 2766 uncinos
721 2703 891 2784 quadratos
915 2704 971 2765 hos
995 2701 1025 2785 []
1049 2703 1166 2782 saepsi;
1190 2701 1267 2764 ahas

86 2788 213 2851 lacunas
236 2790 418 2869 imperfecta
441 2789 594 2852 euanidae
616 2791 790 2869 scripturae
818 2789 909 2850 lectio
932 2789 1069 2870 reliquit.
1116 2795 1211 2869 atque
1233 2795 1269 2850 ut

87 2893 183 2956 supra
213 2874 331 2937 dictum
360 2883 423 2955 est,
452 2875 492 2936 de
519 2875 566 2937 his
595 2875 715 2937 lacunis
739 2875 905 2956 explendis
929 2877 1043 2955 optime
1066 2875 1197 2936 meritus
1221 2881 1270 2936 est

86 2981 114 3022 u.
130 2963 173 3041 d.,
198 2963 254 3042 qui
276 2961 434 3024 indefesso
457 2961 566 3022 labore
589 2961 703 3024 codicis
721 2963 908 3041 scripturam
923 2961 1014 3024 nobis
1030 2961 1267 3042 redintegrauit.
1359 2955 1363 2962 ’

85 3055 250 3126 praeterea
280 3049 330 3108 uir
364 3065 486 3109 summe
523 3047 721 3110 reuerendus
755 3047 896 3128 mihique
932 3049 1050 3110 amicus
1085 3045 1268 3108 Theodorus

87 3135 256 3194 llommsen
290 3140 327 3195 ut
354 3133 394 3195 ad
426 3135 537 3195 Gaium
567 3135 686 3213 ipsum,
721 3135 763 3194 ita
793 3133 834 3195 ad
864 3135 945 3196 hanc
978 3134 1269 3214 interpretationem

87 3219 242 3281 edendam
258 3221 385 3300 egregia
400 3219 621 3300 supplementa
637 3219 937 3300 emendationesque
953 3219 1096 3295 contulit;
1116 3217 1269 3280 nonnulla

88 3307 178 3366 etiam
200 3304 357 3368 Gontardo
379 3305 547 3381 Ferriniosst
569 3312 600 3366 et
621 3307 753 3367 Victorio
776 3303 955 3386 Scialojae⁷)
979 3305 1144 3366 debemus.

150 3476 174 3538 t)
193 3475 266 3527 coni.
290 3475 306 3538 6
331 3479 370 3526 66.
397 3479 437 3526 79.
463 3479 504 3526 8⁰.
529 3479 569 3526 96,
593 3480 638 3539 97;
667 3477 694 3526 in
716 3477 731 3538 ἕ
751 3479 782 3525 st
807 3489 899 3526 errore
922 3475 1027 3526 librarii
1050 3475 1160 3525 initium
1184 3473 1270 3524 inter-

88 3547 244 3606 prelationis
263 3544 360 3596 eodem
378 3544 461 3594 modo
480 3544 639 3596 distinctum
659 3548 708 3595 est.

151 3614 174 3676 6)
187 3613 348 3664 Rendiconti
358 3613 402 3662 del
414 3615 441 3663 u.
452 3614 558 3663 istituto
566 3613 720 3664 Lomhardo
731 3613 759 3662 di
770 3613 876 3664 sciense
886 3626 902 3663 e
912 3612 976 3676 lett,
987 3610 1264 3661 serielluol.XXXli.

156 3681 179 3744 7)
199 3683 347 3733 Bullettino
366 3678 429 3732 dell'
448 3684 553 3732 istituto
573 3683 600 3732 di
620 3683 712 3732 diritto
731 3683 852 3731 Romano
870 3681 915 3732 Xl.
933 3693 959 3745 p.
979 3683 1028 3728 toi
1047 3691 1087 3742 sq.
1142 3683 1144 3688 '

240 3853 260 3904 A
289 3873 321 3897 =
348 3853 436 3905 codor
453 3853 709 3916 Augustodunensis

236 3915 266 3972 A‘
284 3943 316 3965 =
343 3923 468 3973 eiusdem
486 3919 592 3973 codicis
611 3921 691 3972 lectio
710 3919 862 3971 secundum
880 3933 907 3970 u.
926 3919 953 3969 d.
972 3918 1112 3970 Chatelain

236 3987 273 4040 Al*
286 4010 317 4034 =
345 3991 426 4042 lectio
446 3993 539 4041 nostra
557 3989 684 4040 loliorum
705 3992 773 4054 tttr,
792 3993 865 4054 totv,
885 3991 954 4052 tter,
974 3991 1038 4038 thav

240 4058 267 4124 []
296 4059 325 4109 hi
347 4061 442 4110 uncini
467 4061 594 4124 saepiunt
617 4059 742 4122 lacunas,
767 4070 838 4122 quae
859 4058 983 4121 margine
1005 4055 1135 4108 loliorum
1161 4058 1268 4108 resecto

241 4129 552 4261 stellquppo,*spnltmmo
570 4195 693 4260 singulos
712 4208 783 4260 quae
799 4197 941 4260 perierunt
958 4193 1124 4246 indicantur.
