3190 4868
323 395 360 445 111
378 395 507 455 ssi-si
703 429 788 439 --
836 393 896 458 120
940 428 1025 437 ..-

320 586 388 664 ipso
411 586 480 644 iure
501 581 598 644 debet
619 589 673 643 ant
695 583 769 662 ipsis
792 580 947 662 debentur,
972 579 1049 657 1--
1072 581 1112 643 de
1135 580 1283 643 omnibus
1306 581 1407 643 rebus

889 666 895 752 1
1210 669 1242 727 44
1268 685 1408 749 sequen·

321 758 344 817 ti
367 756 586 816 commentario
609 749 840 838 prolponemus.

271 845 311 904 84
406 836 502 924 nsunt
523 847 628 901 autem
651 843 744 901 etiam
767 839 895 902 alterius
919 842 1043 921 generis
1067 839 1297 918 successioneS,
1323 859 1479 920 quaepag.
1495 852 1550 899 444

321 946 427 1008 neque
453 925 525 1007 lege
551 945 594 986 xu
616 926 797 987 tabularum
825 945 930 1007 neque
959 929 1112 1006 praetoris
1140 925 1257 1005 edicto,
1287 927 1432 989 sedeas

271 1016 309 1076 83
321 1015 390 1074 iure
414 1008 523 1094 (quoa)
547 1031 703 1074 consensu
731 1020 894 1092 receptum
922 1021 970 1074 est
998 1012 1196 1073 introductae
1224 1020 1306 1073 sunt.
1352 1013 1407 1074 Et-

322 1101 497 1161 enimcum
523 1105 614 1178 pater
641 1098 773 1160 familias
797 1117 831 1159 se
858 1101 889 1160 in
913 1099 1113 1178 adoptionem
1137 1097 1224 1159 dedit
1249 1098 1405 1160 mulierne

320 1188 353 1246 in
375 1203 503 1246 manum
526 1187 680 1264 conuenit,
706 1203 815 1246 omnes
839 1187 907 1246 eius
930 1203 981 1246 res
1005 1183 1218 1264 incorporales
1242 1192 1272 1245 et
1295 1202 1406 1263 corpo·

320 1270 404 1332 rales
427 1290 573 1352 quaeque
597 1273 625 1332 ei
649 1270 773 1332 debitae
797 1279 883 1351 sunt,
912 1273 993 1352 patri
1022 1271 1171 1350 adoptiuo
1194 1273 1405 1350 coemptiona-

320 1359 422 1419 toriue
449 1357 675 1437 adquiruntur,
706 1359 845 1436 exceptis
868 1359 916 1418 his
941 1375 1022 1438 quae
1045 1376 1104 1436 per
1126 1359 1236 1436 capitis
1261 1357 1448 1419 demina-to

321 1445 437 1505 tionem
452 1450 594 1524 pereunt,
620 1442 730 1524 quales
748 1450 821 1505 sunt
836 1444 1047 1523 ususfructus,
1072 1461 1240 1522 operarum
1257 1443 1405 1525 obligatio

324 1529 531 1591 libertinorum
554 1547 635 1609 qnae
665 1547 724 1608 per
753 1530 973 1591 iusiurandum
1002 1536 1160 1590 contracta
1188 1536 1249 1608 est,
1279 1537 1311 1590 44
1338 1531 1405 1591 lites

272 1618 311 1678 84
322 1623 506 1678 contestatae
538 1615 675 1696 legitimo
706 1616 827 1676 iudicio.
878 1618 926 1677 Ex
955 1615 1081 1678 diuerso
1111 1614 1198 1695 quod
1227 1617 1253 1676 is
1283 1615 1404 1696 debuit,

322 1703 376 1784 qui
404 1720 436 1763 se
467 1702 499 1760 in
529 1701 727 1780 adoptionem
758 1701 845 1762 dedit
874 1720 997 1783 quaeue
1027 1705 1058 1762 in
1088 1720 1213 1762 manum
1248 1705 1404 1782 conuenit,

321 1807 382 1848 non
408 1788 520 1849 transit
542 1787 581 1848 ad
605 1789 899 1867 coemptionatorem
923 1788 1038 1849 autad
1065 1795 1186 1867 patrem
1209 1786 1448 1868 adoptiuum,ts

322 1874 385 1934 nisi
413 1876 442 1934 si
469 1873 693 1934 hereditarium
722 1892 775 1934 aes
805 1874 943 1935 alienum
972 1875 1072 1934 fuerit.
1118 1881 1189 1934 tnnc
1218 1877 1300 1934 enim
1331 1877 1406 1955 quia

322 1963 391 2040 ipse
420 1967 511 2039 pater
539 1958 707 2039 adoptiuus
732 1968 787 2020 aut
813 1963 1057 2040 coemptionator
1083 1960 1176 2021 heres
1205 1960 1252 2039 fit,
1284 1960 1404 2022 directo

322 2051 448 2107 tenetur
473 2047 556 2122 iure;
584 2049 610 2106 is
633 2063 718 2126 44444,
747 2048 800 2126 qut
821 2046 1092 2125 se-adoptandum
1116 2045 1203 2107 dedit
1225 2065 1349 2127 quaene
1373 2049 1406 2107 in

322 2150 450 2192 manum
480 2133 640 2210 conuenit,
675 2131 789 2193 desinit
819 2151 889 2194 esse
917 2133 1019 2194 heres.
1073 2131 1112 2194 de
1143 2151 1180 2193 eo
1211 2151 1287 2193 uero
1319 2131 1406 2214 quod

322 2220 449 2297 proprio
476 2220 601 2280 nomine
625 2236 678 2278 eae
703 2236 857 2297 personae
881 2218 1063 2299 debuerint,
1091 2218 1165 2278 licet
1186 2236 1292 2298 neque
1314 2227 1446 2298 paterno

323 2303 491 2384 adoptiuus
514 2311 658 2365 teneatur
680 2322 784 2385 neque
807 2307 1060 2384 coemptionator,
1084 2305 1246 2384 etneipse
1263 2305 1404 2385 quidem,

323 2392 377 2472 qui
407 2409 441 2452 se
471 2391 503 2451 in
533 2391 732 2470 adoptionem
761 2390 850 2452 dean
877 2407 993 2471 quaeue
1023 2391 1055 2451 in
1088 2409 1216 2450 manum
1246 2394 1403 2471 conuenit,

322 2484 446 2538 maneat
475 2475 630 2558 obligatus
659 2477 847 2558 obligatane,
879 2480 953 2558 quia
980 2476 1098 2538 scilicet
1124 2494 1182 2556 per
1210 2479 1319 2556 capitis
1348 2477 1405 2539 de·

321 2592 1405 2611 WQAQAANWNWWMAAMAAMMWAMMNQMMAMWNW

392 2632 406 2692 5
426 2635 452 2680 84
475 2633 636 2692 insequenti
657 2630 847 2693 commentario]
869 2634 881 2678 4
902 2631 917 2692 5
937 2633 977 2680 34.
998 2635 1028 2680 34
1050 2630 1062 2694 11
1083 2632 1097 2692 5
1117 2634 1148 2679 84
1168 2630 1224 2680 4444
1243 2651 1274 2672 =
1295 2633 1359 2680 lust.
1380 2634 1405 2694 3,

324 2704 354 2749 tit
374 2713 414 2764 pr.
428 2699 465 2761 114
479 2703 510 2748 83
529 2700 669 2763 usquead
689 2702 716 2748 44
739 2698 872 2749 sautiare
891 2720 922 2742 =
942 2701 1006 2750 Inst.
1026 2703 1048 2764 ³,
1069 2704 1108 2763 44,
1129 2699 1167 2762 411
1183 2700 1198 2761 5
1212 2701 1243 2748 84
1262 2699 1405 2763 usquead

324 2771 355 2816 44
375 2769 443 2818 dedit
461 2768 516 2818 lere
536 2789 566 2810 =
587 2770 649 2818 lnst.
670 2771 693 2831 3,
713 2771 753 2830 44,
774 2771 796 2816 3.

394 2908 460 2952 4-4
491 2906 585 2954 Gaiam
611 2908 673 2955 naec
698 2906 753 2968 sere
779 2907 914 2966 scripsisse
942 2907 1033 2955 conicit
1059 2905 1187 2954 Huschke:
1218 2909 1243 2955 et
1268 2905 1338 2956 ideo
1366 2905 1406 2955 de

324 2973 471 3023 omnibus
492 2973 588 3025 rebus
609 2975 720 3025 utilibus
738 2973 893 3024 actionibus
912 2976 939 3022 et
956 2975 1132 3038 experiuntur
1150 2977 1177 3024 44
1193 2975 1406 3038 444444444444,

325 3055 391 3104 quas
409 3041 441 3091 iu
459 3041 534 3104 (tanc
549 3046 766 3105 praepositionem
785 3056 832 3092 om.
853 3042 976 3104 Huschke)
995 3042 1141 3102 sequenti
1159 3047 1218 3107 etc,
1238 3043 1304 3104 cous.
1328 3043 1407 3093 Theo·

321 3111 410 3174 pinitus
424 3115 447 3174 ³,
461 3113 492 3158 44
505 3123 544 3172 pr.
563 3112 609 3174 (444,
623 3112 726 3161 44444444
740 3125 801 3175 pap.
815 3115 867 3162 444
884 3125 953 3161 uers.
966 3112 1059 3174 7-441
1075 3112 1085 3178 11
1103 3113 1116 3160 4
1136 3113 1217 3162 etiam
1233 3111 1258 3176 C,
1278 3114 1305 3161 44
1322 3110 1407 3179 44441

325 3179 521 3242 successiones]
542 3193 591 3243 per
609 3182 812 3230 uniuersitatem
832 3182 1021 3230 successiones
1042 3183 1104 3230 lnst.
1119 3179 1129 3246 11
1146 3181 1247 3244 equod
1267 3182 1337 3245 lust,
1356 3194 1406 3230 orn.

326 3246 371 3312 011
389 3260 526 3298 consensu
545 3249 615 3314 lust,
635 3262 766 3300 concessu
789 3245 835 3314 011
852 3250 969 3313 44444144)
992 3251 1017 3314 C,
1037 3263 1100 3300 ecce
1119 3252 1191 3298 enim
1212 3250 1408 3312 4444114444444

324 3315 432 3384 44444111
456 3322 468 3366 4
493 3329 522 3366 44
547 3318 574 3367 44
605 3319 780 3380 adoptionem
805 3317 896 3382 44414441
924 3318 954 3383 G,
984 3333 1043 3369 4444
1072 3320 1098 3368 44
1128 3319 1333 3380 aduocationem
1359 3319 1407 3368 dat

325 3383 411 3453 144411
430 3386 564 3437 mulierue
578 3387 712 3451 Boeclcinp,
731 3387 884 3450 mulierque
900 3386 919 3437 C
936 3383 946 3453 11
964 3391 977 3436 8
998 3389 1057 3438 eius
1076 3401 1118 3438 res
1139 3387 1163 3453 C,
1183 3401 1226 3437 res
1245 3389 1303 3437 eius
1323 3387 1384 3436 inst.
1397 3385 1409 3450 11

324 3455 512 3520 incorporales
530 3457 557 3504 et
575 3457 731 3520 corporales
747 3456 773 3519 G,
792 3457 948 3519 corporales
966 3460 991 3506 et
1010 3458 1195 3521 incorporales
1210 3452 1319 3520 14441144
1333 3457 1406 3521 patri

324 3525 454 3589 adoplico
472 3523 497 3588 C,
517 3525 672 3588 adrogatori
691 3522 825 3591 44441144
845 3525 905 3574 44444
924 3528 1090 3575 contestatae
1108 3527 1236 3588 suppleuit
1255 3527 1407 3588 4444441144

328 3594 586 3645 commentationibus
597 3595 749 3645 Academiae
769 3595 941 3642 Berotinensis
959 3608 983 3643 c.
998 3599 1063 3644 4445
1079 3608 1140 3657 pap.
1153 3599 1204 3645 444
1222 3608 1298 3658 seqq,
1316 3606 1408 3655 quam·

324 3665 365 3712 uis
383 3663 416 3712 lis
435 3664 585 3714 contestata
603 3666 687 3725 potius
705 3667 823 3725 ecapcctes
843 3662 915 3725 (cons.
929 3666 1006 3712 etiam
1022 3663 1053 3713 0²
1068 3676 1129 3726 pop.
1144 3663 1270 3724 ΧΧΧΙΙ1;
1290 3663 1322 3711 444
1340 3675 1406 3711 444-

325 3734 411 3782 tracta
421 3735 542 3794 proponit
554 3733 682 3796 Wlassolt,
697 3733 752 3782 litis
765 3734 930 3781 contestatae
940 3733 1082 3781 Mommsen
1090 3729 1100 3796 11
1110 3735 1141 3780 43
1154 3732 1255 3781 iudicio
1268 3730 1407 3794 Goescnen,

325 3800 448 3851 iudicia?
473 3799 492 3850 C
512 3797 522 3867 ΙΙ
543 3814 576 3850 cx
602 3802 632 3865 0,
660 3802 707 3851 sed
732 3815 764 3850 ex
789 3801 850 3850 lnst.
871 3797 882 3866 11
906 3801 1005 3849 43-44
1030 3802 1177 3861 suppletum
1200 3814 1234 3849 444
1257 3800 1318 3849 lust.
1341 3798 1351 3865 11
1373 3802 1406 3847 44

325 3869 440 3933 quaeue]
466 3883 589 3934 quaeque
611 3869 630 3920 0
650 3867 660 3934 11
683 3884 766 3920 manu
791 3867 839 3934 011
861 3872 892 3917 ts
918 3882 1024 3934 quaeue
1047 3869 1209 3931 Lachmann,
1232 3882 1340 3932 queque
1361 3865 1409 3933 011

326 3942 357 3986 ts
377 3937 464 4001 heres]
483 3939 597 3989 heredes
618 3935 711 4006 011444
733 3951 781 3988 444
803 3938 945 4002 Goescbeu,
971 3951 1002 3987 ea
1024 3933 1114 4003 01144
1138 3941 1166 3987 44
1183 3950 1218 3987 44
1239 3939 1320 3998 ponto
1339 3949 1407 3997 pro-

326 4007 433 4056 babilius
460 4020 538 4067 quam
564 4021 653 4072 neque
681 4008 725 4070 (sic
750 4006 885 4069 Gocsclten)
912 4008 1017 4057 uidetur
1043 4009 1157 4068 suppleri
1179 4018 1256 4067 posse
1281 4005 1290 4068 11
1317 4008 1349 4054 44
1377 4005 1407 4054 in
1575 4031 1577 4068 1

325 4073 498 4138 adoptionem
515 4075 650 4138 Goesclten
664 4078 912 4140 ademinoptionem
929 4075 947 4126 C
958 4073 968 4142 11
980 4075 1093 4138 quaeue]
1105 4079 1133 4124 iu
1148 4075 1168 4126 0
1178 4075 1257 4138 fucrit
1269 4069 1403 4140 quelqnae
1575 4069 1577 4134 1

325 4142 367 4191 nei
389 4145 471 4192 simile
493 4145 590 4206 alicuid
616 4143 626 4209 11
652 4148 683 4194 44
707 4144 859 4203 obligataue
885 4144 1025 4209 Gcescbeu,
1053 4144 1169 4207 obligata
1195 4157 1229 4192 44
1251 4143 1401 4206 obligatam
1575 4135 1577 4160 ¹

326 4215 471 4261 correctam
492 4209 538 4277 011
555 4214 661 4263 44444444
681 4213 818 4278 Goescbeu,
837 4215 919 4264 scetsi
938 4213 962 4276 14.
982 4227 1002 4262 e.
1022 4213 1129 4264 scilicet
1147 4208 1214 4275 sill?
1235 4209 1260 4261 G.
