3094 4860
497 393 583 404 -.-
627 358 667 424 59
710 394 797 404 -
984 361 1187 422 usuam-et

113 551 187 610 meis
221 567 338 611 nauem
371 555 425 610 aut
457 550 626 610 armarium
659 556 714 610 aut
746 549 935 612 subsellium
966 549 1186 626 fabricaueris3

114 637 182 696 item
210 635 237 696 si
265 653 306 696 ex
332 633 404 696 lana
430 653 499 696 mea
521 637 746 713 uestimentum
769 636 898 712 feceris,
926 634 980 696 uel
1003 637 1029 697 si
1051 656 1091 698 ex
1112 638 1187 698 uino

21 733 22 806 ᾗ
114 729 141 783 44
166 720 262 784 melle
285 739 356 782 meo
378 720 517 782 mulsum
540 721 666 800 feceris,
697 723 766 784 siue
789 741 829 783 ex
850 720 1085 784 medicamentis
1109 724 1186 784 meis

113 807 317 888 emplastrum
344 805 400 868 uel
422 806 587 887 collyrium
610 807 739 888 feceris,
764 803 953 889 (quaeritur,
976 814 1080 869 utrum
1102 815 1187 868 tuum

21 903 23 966 1
112 895 148 955 sit
168 893 201 954 id
223 892 302 974 quod
324 911 366 954 cm
387 911 451 954 meo
473 891 636 974 effeceris>
658 912 698 956 an
720 912 836 956 meum.
876 893 1003 974 quidam
1027 895 1212 956 materiamc

41 1019 45 1027 ι
112 986 140 1042 44
177 979 386 1042 substantiam
413 979 616 1059 spectandam
643 998 713 1042 esse
741 987 867 1060 putant,
902 979 935 1041 id
962 987 1072 1042 estut
1098 981 1187 1042 cuius

21 1103 23 1144 ,
111 1067 239 1128 materia
266 1067 320 1144 sit,
343 1063 427 1126 illius
455 1073 486 1127 et
513 1084 565 1128 res
589 1084 671 1147 quae
693 1067 774 1128 iacta
796 1069 836 1128 sit
857 1065 1005 1128 uideatur
1027 1083 1112 1143 esse,
1141 1065 1190 1128 id-

21 1209 23 1232 ,
111 1169 168 1232 quc
193 1153 330 1214 maxime
357 1149 474 1231 placuit
502 1151 618 1215 Sabino
648 1159 679 1214 et
705 1153 820 1216 Cassio.
865 1151 917 1212 alii
939 1169 1017 1213 uero
1040 1154 1104 1214 eius
1126 1169 1190 1212 rem

21 1235 23 1270 ³
111 1256 178 1300 esse
208 1244 323 1316 putant
351 1239 406 1317 qui
435 1237 559 1318 fecerit,
594 1237 691 1319 idque
720 1240 854 1304 marimo
885 1237 1032 1300 diuersae
1061 1237 1213 1300 scholeea

110 1323 290 1386 auctoribus
312 1324 418 1385 uisum
442 1331 505 1400 est;
522 1323 535 1406 11
551 1323 610 1386 sed
633 1343 705 1386 eum
728 1343 867 1405 quoque,
890 1326 980 1386 cuius
1002 1326 1133 1386 materia
1156 1333 1256 1398 etpag.
1271 1333 1301 1380 44

111 1410 284 1472 substantia
327 1409 451 1488 fuerit,
482 1409 557 1471 furti
595 1409 751 1472 aduersus
789 1428 862 1472 eum
900 1411 955 1491 qui
991 1410 1188 1490 subripuerit

109 1496 226 1558 habere
255 1497 421 1572 actionem3
449 1514 509 1558 nec
539 1499 643 1558 minus
671 1496 828 1562 aduersus
856 1495 994 1558 eundem
1020 1496 1188 1558 condictio-

21 1613 23 1626 ·
109 1601 179 1644 nem
211 1584 241 1644 ei
264 1589 447 1662 conpetere,
480 1583 555 1663 quio
578 1585 730 1646 extinctae
752 1601 822 1663 res,
852 1581 927 1644 licet
947 1581 1102 1644 uindicari
1123 1601 1187 1644 non

109 1669 241 1747 possint,
272 1667 393 1729 eondici
419 1675 523 1730 tamen
550 1668 675 1731 furibus
699 1667 945 1750 etquibusdam
967 1668 1037 1732 aliis
1058 1686 1186 1748 posses-

21 1759 23 1770 '
111 1754 235 1816 roribus
258 1762 400 1833 possunt.
602 1778 604 1782 ·
1197 1761 1228 1808 44

71 1840 101 1900 ta
192 1839 315 1902 Accidit
341 1838 525 1920 aliquando,
554 1848 590 1900 ut
612 1841 668 1921 qui
690 1840 835 1902 dominus
858 1843 906 1920 sit,
930 1839 1118 1904 alienandae
1140 1841 1187 1902 rei
1196 1859 1255 1910 pag.
1270 1848 1300 1894 44

109 1933 295 2005 potestatem
316 1945 379 1988 non
401 1925 525 2006 habeat,
549 1928 658 2008 etqui
681 1925 826 1988 dominus
849 1945 910 1988 non
935 1929 988 2007 sit,
1010 1923 1022 2008 11
1047 1927 1255 1996 altenarepeg.
1269 1935 1301 1982 os

72 2011 100 2070 43
109 2014 215 2091 possit.
260 2029 333 2076 nam
366 2012 470 2074 dotale
496 2011 662 2090 praedium
689 2014 820 2074 maritus
847 2015 944 2076 inuita
971 2011 1104 2075 muliere
1129 2031 1188 2093 per

109 2097 209 2180 legem
239 2097 348 2160 Iuliam
378 2097 565 2178 prohibetur
591 2097 743 2180 alienare,
771 2101 916 2178 quamuis
943 2101 1043 2178 ipsius
1070 2099 1187 2160 situel

109 2186 318 2264 mancipatum
348 2185 376 2246 ei
404 2185 485 2246 dotis
515 2201 610 2246 causa
636 2185 690 2246 uel
719 2187 752 2246 in
778 2187 848 2248 iure
878 2203 1004 2247 cessum
1033 2185 1087 2246 uel
1110 2194 1228 2247 usu-2⁰

109 2279 242 2351 captum.
282 2269 368 2351 quod
391 2269 520 2352 qiridem
541 2272 591 2331 ius
613 2279 720 2331 utrum
744 2271 784 2333 ad
804 2271 909 2332 Italica
923 2279 1045 2332 tantum
1059 2270 1185 2350 praedia

72 2357 145 2416 tlon
174 2359 269 2418 etiam
291 2355 332 2418 ad
353 2355 557 2435 prouincialia
579 2359 745 2438 pertineat,
770 2357 942 2418 dubitatur.
987 2357 1035 2418 Ex
1057 2356 1185 2418 diuerso

110 2450 239 2522 agnatus
261 2442 372 2504 furiosi
394 2451 519 2504 curator
540 2461 608 2504 rem
631 2443 748 2526 furiotsi
771 2442 907 2504 alienare
929 2450 1034 2522 potest
1056 2442 1185 2523 exlege

110 2547 149 2590 444
178 2527 376 2606 tabularum3
405 2531 479 2591 item
507 2536 692 2608 procurator
712 2526 773 2605 -1

111 2621 170 2692 444;
191 2616 267 2676 item
290 2614 425 2678 creditor
445 2617 560 2697 pignus
576 2635 616 2678 ex
635 2611 639 2698 1
659 2617 810 2696 pactione,
835 2616 980 2696 quamuis
996 2616 1064 2676 eius
1081 2631 1117 2675 ea
1132 2621 1226 2676 44444

111 2718 169 2762 non
191 2704 239 2762 sit.
286 2699 343 2762 sed
366 2703 425 2764 hoc
447 2702 576 2766 forsitan
598 2701 669 2764 ideo
692 2701 840 2764 uideatur
862 2702 940 2778 fieri,
965 2699 1051 2782 quod
1073 2697 1186 2762 uolun-

21 2841 22 2844 ,
111 2792 169 2848 tate
196 2786 348 2848 debitoris
365 2787 571 2870 ¹intellegitur
593 2790 708 2869 pignus
731 2787 869 2867 alienari,
900 2789 955 2868 qui
977 2787 1051 2848 olim
1073 2793 1184 2866 pactus

21 3065 22 3068 1
178 3010 236 3071 §it
256 3008 291 3059 ad
311 3013 325 3058 4
344 3009 538 3070 quidum-tt
558 3014 596 3059 eat
612 3008 682 3060 coni.
699 3009 865 3076 Theophilus
878 3013 902 3074 4,
921 3013 945 3064 4,
967 3013 998 3059 st
1018 3009 1069 3072 (ed
1082 3009 1186 3059 Ferrini

21 3085 22 3144 j
113 3087 167 3140 pag.
179 3081 237 3142 444,
251 3079 339 3140 4-41;
352 3077 416 3127 inde
429 3077 463 3128 ab
476 3079 507 3126 44
522 3079 651 3129 4444444444
664 3097 695 3121 =
709 3080 772 3130 lost.
786 3082 809 3143 4,
823 3082 846 3143 4,
860 3083 891 3128 tt
904 3077 916 3142 11
927 3079 944 3140 ξ
956 3082 987 3128 44
1002 3077 1058 3129 iero
1071 3097 1103 3122 ---
1116 3079 1182 3128 inst.

21 3231 22 3270 ,
112 3147 263 3280 Zigalis?
277 3149 309 3276 484
323 3159 409 3264 uroque
422 3147 456 3197 ad
471 3149 501 3196 m
515 3149 549 3198 att
560 3165 592 3190 =
605 3148 670 3198 lust.
683 3150 710 3212 4,
724 3151 738 3197 8
753 3161 793 3211 pr.
807 3146 846 3210 {15
859 3150 889 3198 44
903 3147 967 3199 inde
979 3147 1013 3198 ab
1027 3151 1059 3198 44
1072 3148 1185 3198 creditor

21 3445 22 3460 ι
178 3422 240 3473 4-4
259 3417 285 3487 11
302 3421 401 3470 eddidit
418 3421 568 3471 Lcctmctm
580 3419 618 3484 114
638 3422 815 3484 spectandam
832 3435 867 3472 em
885 3421 1065 3486 spectandum
1083 3433 1184 3470 correc-

21 3489 23 3544 1
113 3488 240 3554 44440111
265 3493 292 3538 44
313 3489 396 3540 luerit
416 3489 553 3554 Goescltm,
571 3489 622 3540 luit
642 3489 661 3540 0
681 3489 692 3552 11
715 3493 744 3539 44
764 3491 829 3554 quia
850 3491 986 3555 Goesctm,
1006 3491 1053 3554 qui
1075 3488 1183 3552 01144-

113 3554 430 3623 44444441444.,4444444444
451 3558 471 3608 G
495 3555 505 3625 11
532 3560 563 3607 44
582 3559 777 3626 44444441444.,
797 3561 883 3624 possit
903 3559 923 3609 0
946 3557 957 3624 11
983 3557 1091 3609 iuribus
1109 3560 1136 3606 et
1157 3558 1182 3620 0,

21 3629 22 3688 j
114 3623 247 3678 eruribus
265 3632 292 3677 et
310 3642 325 3678 4
344 3628 474 3690 14441144
493 3627 559 3690 conf.
578 3641 644 3689 quoe
661 3640 743 3689 cupro
761 3629 795 3678 od
812 3629 872 3690 §et
890 3630 985 3692 influe
1005 3629 1079 3690 (pop.
1092 3629 1133 3689 44,
1152 3629 1182 3676 44

21 3701 23 3738 4
114 3690 183 3744 auos
199 3697 324 3760 4444444444)
342 3697 373 3746 de
389 3697 617 3762 peremptorum
635 3697 724 3746 ordine
741 3699 769 3746 m
789 3695 809 3746 0
825 3697 949 3746 44444444
966 3695 1055 3760 444411
1073 3699 1103 3744 tt
1117 3698 1143 3744 et
1157 3693 1183 3758 C,

114 3763 246 3815 utcontra
264 3766 324 3815 4444.
350 3762 361 3830 11
387 3768 419 3815 ta
438 3766 558 3815 alienare
575 3779 609 3814 em
627 3765 761 3816 alienares
778 3771 922 3816 correctum
941 3764 961 3814 0
986 3761 996 3832 11
1023 3767 1055 3814 at
1074 3765 1109 3813 od
1126 3775 1183 3812 444-

21 3883 22 3886 ,
114 3831 212 3882 tentiam
235 3834 434 3898 1444444444,
454 3839 476 3898 4,
495 3835 529 3884 tt
546 3835 647 3898 4414411.
666 3839 706 3896 44,
726 3839 749 3898 4,
768 3839 791 3898 4,
810 3833 848 3899 41,
875 3847 927 3884 oon
948 3835 983 3882 od
1004 3835 1096 3884 444444
1120 3833 1184 3882 tolio

21 3927 22 3930 ¹
115 3895 165 3957 ltro
188 3905 327 3964 quadram:
355 3901 433 3954 item
458 3903 643 3965 procurator
669 3915 727 3953 rem
749 3902 883 3967 absentis,
911 3904 989 3952 cuius
1011 3903 1183 3964 negotiorum

116 3963 192 4020 libero
214 3971 412 4022 administratio
436 3973 461 4022 ei
479 3973 612 4036 permissa
635 3972 700 4032 est3
723 3971 865 4022 Mommsen
886 3969 1182 4035 14444.1)49.4,4,441

116 4033 158 4084 hot
173 4042 241 4090 44444
259 4043 381 4091 4444444444
398 4042 493 4103 emolat:
515 4041 593 4092 item
612 4041 810 4102 procurator,
828 4043 851 4090 44
867 4041 928 4102 quic
945 4053 977 4090 44
994 4040 1183 4103 corrumpatur

21 4119 22 4124 ¹
117 4101 318 4161 41444444444444
336 4112 385 4161 est
402 4106 412 4175 11
430 4113 461 4160 ao
479 4110 613 4160 uideatur·
628 4110 654 4174 0,
673 4109 783 4160 uidetur
802 4106 928 4176 14441144
942 4109 1058 4161 alienari
1072 4108 1099 4175 C,
1118 4108 1182 4160 alle·

116 4183 178 4224 44444
194 4175 252 4228 4444.
274 4179 341 4242 (libri
357 4178 484 4240 meliores)
505 4177 515 4246 11
533 4180 597 4229 olim
620 4178 645 4240 0,
665 4178 701 4228 ab
720 4179 797 4232 initio
816 4181 973 4230 contractus
992 4179 1054 4230 4444.
