3190 4868
307 350 343 398 111
359 349 521 410 §soe-soe
684 383 771 394 --
816 350 876 412 150
919 383 1006 395 ,-

307 557 369 600 444
391 545 508 619 potest,
536 539 597 617 ipsi
619 538 695 599 furti
717 539 795 599 actio
818 540 967 618 conpetit,
997 539 1071 618 quia
1096 539 1156 599 hoo
1182 556 1257 600 casu
1283 541 1388 619 ipsius

234 627 438 690 4064444444
459 643 527 686 rem
550 623 672 685 saluam
696 643 775 686 esse.
827 626 911 700 Quae
937 625 972 685 de
994 623 1115 685 fullone
1136 623 1150 705 11
1172 631 1225 685 aut
1247 627 1389 687 sarcina·
1400 645 1459 697 pag.
1474 635 1528 682 444

307 718 374 772 4444
391 711 537 788 diximus,
563 709 673 771 eadem
696 711 923 772 transferemus
947 717 979 772 et
1001 710 1041 772 ad
1065 729 1138 772 eum
1154 711 1204 772 cui
1218 729 1286 772 rem
1302 731 1390 772 com-

306 796 515 858 modeuimus.
560 814 633 857 nam
665 803 701 857 ut
733 797 779 858 illi
811 795 991 859 mercedem
1025 796 1177 876 capiendo
1212 797 1389 860 custodiam

306 890 479 962 praestant,
514 883 556 942 ita
584 883 633 943 hie
666 901 793 964 quoque
820 883 933 945 utendi
958 883 1156 944 commodum
1182 884 1413 963 percipiendos

234 968 448 1033 207similiter
473 985 602 1030 necesse
628 969 722 1030 habet
748 968 922 1030 custodiam
948 977 1119 1047 praestare.
1166 968 1229 1030 Sed
1251 971 1278 1030 is
1301 969 1389 1051 apud

307 1073 402 1134 quem
429 1073 480 1116 res
511 1055 653 1134 deposita
682 1063 730 1116 est
754 1054 929 1117 custodiam
955 1074 1019 1116 444
1040 1062 1180 1134 praestat
1200 1061 1387 1137 tantumque

306 1142 338 1200 in
361 1159 398 1201 eo
421 1141 575 1202 obnoxius
599 1148 659 1220 est,
689 1145 715 1202 si
738 1141 816 1222 quid
838 1143 906 1221 ipse
930 1141 1001 1203 dolo
1025 1139 1137 1222 (moto)
1160 1141 1278 1202 iecerit.
1323 1161 1387 1223 qua

306 1227 346 1288 de
368 1244 466 1288 4444444
487 1224 548 1308 <44>
570 1245 622 1288 444
647 1229 675 1288 ei
698 1227 850 1307 subrepta
873 1229 976 1308 fuerit,
1001 1227 1077 1309 quio
1091 1227 1302 1289 restituendae
1316 1231 1385 1290 eius
1586 1305 1587 1308 Ἴ

304 1313 425 1373 nomine
458 1313 594 1392 depositi
625 1333 688 1375 non
714 1321 840 1375 tenetur
865 1333 925 1375 nec
955 1314 995 1375 ob
1019 1312 1052 1375 id
1075 1315 1143 1376 eius
1165 1315 1297 1375 interest
1316 1332 1384 1376 rem
1398 1327 1429 1372 44

306 1398 427 1460 saluam
451 1417 535 1478 esse,
563 1399 638 1460 furti
664 1399 792 1480 [itaque]
819 1419 913 1482 agere
936 1419 999 1461 non
1021 1407 1139 1480 potest,
1168 1399 1224 1461 sed
1247 1419 1284 1462 ea
1306 1402 1385 1461 actio
1584 1341 1587 1442 d

307 1484 431 1546 domino
455 1488 600 1565 conpetit.

234 1573 295 1633 208
392 1571 427 1632 In
443 1589 565 1634 summa
580 1570 744 1632 sciendum
760 1579 807 1632 est
823 1574 997 1653 quaesitum
1013 1590 1093 1651 esse,
1110 1591 1149 1634 an
1165 1571 1302 1650 inpubes
1317 1590 1387 1634 rem

306 1657 442 1718 alienam
469 1657 645 1719 amouendo
673 1657 792 1718 furtum
821 1659 920 1719 faciat.
970 1658 1132 1738 plerisque
1147 1657 1279 1738 placet,
1312 1661 1387 1739 quia

305 1743 425 1804 furtum
449 1763 489 1805 ex
511 1741 638 1822 adfectu
660 1745 808 1823 consistit,
831 1746 874 1804 ita
897 1743 1025 1806 demum
1048 1745 1180 1825 obligari
1203 1763 1239 1806 eo
1255 1747 1429 1806 criminere

305 1830 503 1909 inpuberem,
528 1831 554 1890 si
575 1831 739 1909 proximus
761 1830 921 1909 pubertati
944 1832 983 1891 sit
1005 1838 1037 1892 44
1059 1831 1098 1892 ob
1122 1830 1155 1891 id
1170 1830 1333 1912 intellegat
1351 1849 1386 1892 se

307 1914 501 1997 delinquere.

233 2001 295 2063 209
325 2039 327 2042 v
371 2003 430 2073 Qui
456 2019 508 2063 res
535 2001 653 2064 alienas
680 2002 773 2081 rapit,
802 2009 928 2064 tenetur
954 2004 1049 2064 444444
1076 2002 1160 2063 furti.
1207 2003 1278 2082 quis
1302 2003 1386 2064 enim

306 2089 403 2168 magis
437 2087 571 2149 alienam
604 2106 672 2148 rem
704 2089 801 2149 inuito
836 2087 961 2149 domino
993 2095 1158 2150 contrectat
1196 2106 1292 2168 quam
1330 2091 1386 2169 qui

305 2170 372 2254 <444>
393 2171 497 2252 rapit?
536 2176 642 2254 itaque
664 2183 746 2235 recte
769 2174 883 2236 dictum
910 2181 959 2236 444
985 2193 1058 2236 eum
1085 2174 1254 2254 inprobum
1281 2175 1384 2236 furem
1396 2192 1427 2237 44

306 2277 385 2320 esse.
438 2259 494 2322 sed
521 2262 681 2340 propriam
707 2261 858 2322 actionem
885 2262 953 2322 eius
981 2260 1082 2321 delicti
1108 2261 1232 2321 nomine
1257 2268 1385 2341 praetor

304 2344 490 2424 introduxit,
520 2364 601 2427 quae
633 2345 810 2426 appellatur
836 2348 869 2409 ui
896 2347 1051 2408 bonorum
1073 2355 1248 2426 raptorum,
1277 2353 1308 2408 et
1335 2355 1384 2408 est

305 2515 638 2532 ΛΛΛΛΛΛΛᾺΛΛΛΛΛΛΛΛΛΛΛΛ

373 2620 450 2680 §eoa
469 2617 524 2669 tere
544 2641 575 2662 =
595 2620 658 2670 inst.
678 2623 701 2685 4,
721 2625 744 2685 4,
765 2625 795 2670 44
813 2621 824 2684 44
841 2623 856 2682 s
874 2625 922 2671 444
942 2641 973 2664 =
994 2622 1056 2671 inst.
1077 2624 1101 2682 4,
1123 2625 1146 2686 4,
1165 2624 1196 2670 44
1215 2621 1226 2684 44
1244 2621 1259 2682 s
1278 2624 1329 2670 444
1349 2641 1381 2664 =

307 2689 371 2736 lust.
392 2690 415 2751 4,
434 2691 458 2751 4,
477 2692 508 2738 48
526 2685 536 2753 11
553 2689 629 2750 4444
645 2710 676 2732 =
690 2691 753 2739 inst.
774 2692 797 2754 4,
817 2694 831 2738 4
851 2704 890 2754 pr.

304 2821 559 2838 JVVWVNWVVWVX

374 2930 384 2974 4
413 2929 502 2990 potest
525 2926 552 2990 C,
578 2929 666 2990 possit
693 2927 754 2978 4444.
778 2927 789 2988 41
812 2928 865 2990 ipsi
885 2926 912 2992 0,
939 2929 992 2992 ipsi
1017 2927 1127 2977 domino
1151 2929 1212 2978 44444.
1236 2927 1247 2990 11
1272 2931 1287 2976 4
1313 2941 1385 2991 quae

305 2994 339 3043 de
371 2995 444 3056 4444,
480 2995 568 3058 deque
600 2993 620 3044 0
642 2995 653 3058 14
677 2998 724 3045 444
756 2994 788 3055 C,
830 2997 857 3045 et
892 2997 953 3047 44444.
977 2996 988 3059 41
1013 2999 1078 3045 4-3
1110 2997 1276 3046 44444444444
1307 2997 1380 3059 lost,

304 3063 435 3112 sarcitore
457 3060 476 3111 G
504 3060 514 3128 ss
543 3066 556 3112 4
581 3063 621 3112 4444
640 3077 674 3112 ec
692 3063 741 3114 iliu
759 3068 903 3114 4444444444
923 3065 954 3115 C1
977 3065 988 3129 44
1012 3064 1145 3130 capiendo
1166 3064 1199 3126 0,
1220 3066 1383 3130 accipiendo

305 3131 366 3180 44444.
395 3129 407 3193 11
436 3135 449 3180 5
480 3132 525 3180 hie
555 3145 663 3196 quoque
691 3132 794 3182 utendo
825 3132 929 3194 (utendi
951 3133 1056 3198 44444444)
1086 3134 1262 3185 commodum
1291 3137 1383 3199 perci-

303 3199 405 3263 piendo
437 3199 578 3264 Goesebeo,
608 3200 637 3248 hi
667 3214 775 3264 quoque
804 3202 907 3251 utendo
938 3204 1114 3254 commodum
1143 3203 1321 3268 percipiendo
1354 3203 1382 3266 C,

304 3271 328 3318 is
351 3281 460 3332 quoque
483 3269 530 3332 qui
554 3269 728 3320 commodum
751 3269 847 3320 utendi
870 3273 986 3337 percipit
1010 3273 1071 3322 4444.
1095 3271 1107 3334 11
1132 3276 1145 3320 6
1169 3284 1281 3322 necesse
1299 3271 1386 3323 habet

305 3339 377 3398 lost,
409 3350 553 3388 444444444
582 3337 683 3388 habent
715 3338 734 3388 C
757 3339 768 3402 11
792 3341 807 3387 'i
838 3338 961 3404 deposita
992 3343 1033 3392 est
1063 3343 1133 3406 lost,
1165 3341 1306 3406 depositae
1337 3341 1357 3391 C
1380 3340 1384 3406 1

303 3407 425 3471 praestat
455 3407 530 3472 inst,
559 3409 726 3472 praestatum
747 3407 767 3457 0
789 3407 800 3470 11
824 3409 984 3472 tantumque
1016 3409 1047 3473 C,
1078 3409 1126 3460 sed
1157 3412 1263 3460 tantum
1293 3411 1356 3460 44444
1380 3407 1384 3474 Ι

305 3480 319 3524 8
350 3477 422 3527 melo
454 3477 523 3541 1444,
553 3489 602 3527 om.
635 3476 654 3526 0
677 3475 688 3540 11
712 3480 726 3525 9
756 3489 838 3527 causa
863 3478 886 3527 si
910 3478 984 3540 inst,
1016 3479 1035 3541 ξ
1058 3478 1078 3528 0
1100 3478 1173 3542 (eoos.
1199 3477 1232 3528 0³
1250 3492 1313 3542 4444.
1331 3484 1383 3532 444

304 3558 372 3594 cers.
393 3546 434 3609 441
462 3545 474 3608 4
501 3546 564 3610 quia
588 3545 772 3596 restituendae
796 3547 872 3610 lost,
898 3559 967 3608 quae
991 3547 1175 3597 restituendae
1199 3547 1219 3598 G
1241 3547 1253 3612 11
1278 3551 1308 3596 44
1334 3561 1384 3598 no-

304 3615 379 3663 mine
392 3615 462 3679 lost,
481 3616 665 3665 nonomninoe
687 3615 706 3665 0
729 3615 740 3678 14
764 3614 882 3680 depositi
900 3616 970 3676 4444,
992 3617 1127 3680 depositie
1153 3615 1172 3666 C
1200 3613 1210 3682 11
1239 3620 1266 3664 44
1290 3617 1382 3680 itaque

307 3681 335 3745 C,
356 3696 404 3735 444.
424 3685 485 3734 lost.
514 3681 524 3749 41
553 3684 695 3748 sedicet,
719 3683 785 3734 etC
813 3681 824 3750 11
852 3697 884 3734 ea
904 3683 931 3746 0,
957 3683 1022 3734 furti
1041 3686 1103 3735 4444.
1133 3682 1143 3750 11
1173 3688 1204 3733 43
1228 3687 1382 3748 quaesitum

305 3751 378 3816 4444,
403 3754 541 3816 quesitum
569 3752 588 3803 G
615 3749 625 3818 11
654 3757 686 3802 44
709 3753 826 3804 alienam
849 3754 1001 3804 amouendo
1020 3755 1094 3818 4444,
1118 3755 1207 3805 alieno
1226 3754 1317 3804 nendo
1338 3751 1385 3818 011

304 3819 441 3886 plerisque
463 3821 489 3886 0,
517 3825 544 3871 44
571 3823 632 3872 lost.
661 3819 671 3890 11
701 3827 732 3873 45
761 3823 861 3874 affectu
888 3823 958 3888 inst,
986 3823 1123 3873 adiectum
1154 3822 1173 3873 0
1200 3818 1211 3888 41
1241 3827 1272 3872 46
1290 3823 1384 3888 proxi·

305 3901 365 3938 mus
395 3892 466 3953 44444,
504 3892 673 3955 4444444444
706 3892 725 3942 G
752 3889 763 3958 11
793 3895 825 3940 48
861 3892 943 3941 etiam
976 3891 1118 3954 demetere,
1151 3893 1177 3942 et
1209 3891 1239 3956 0,
1270 3892 1382 3956 quidem

305 3958 385 4006 etiam
403 3961 463 4009 lost.
492 3956 503 4025 11
532 3964 563 4010 44
592 3963 743 4012 contrectat
770 3961 840 4025 1444,
867 3962 950 4011 tretat
970 3959 990 4010 G
1012 3960 1023 4023 11
1048 3964 1078 4010 44
1106 3963 1136 4013 44
1161 3962 1231 4023 lost,
1263 3973 1311 4011 om.
1338 3959 1383 4026 011

304 4025 416 4088 itaque?
438 4027 457 4078 C
476 4029 551 4090 444444.
573 4027 620 4092 044,
639 4029 758 4092 ideoque
777 4031 838 4080 4444.
868 4026 878 4095 11
906 4032 980 4081 44444
999 4029 1103 4080 dictum
1123 4030 1193 4094 last,
1211 4032 1318 4080 rectum
1339 4027 1383 4092 041

304 4097 333 4142 44
356 4098 398 4143 444
417 4095 444 4156 c,
466 4096 516 4145 sed
533 4100 624 4146 tamen
643 4098 703 4148 4444.
722 4095 732 4164 11
753 4100 889 4148 actionem
908 4100 980 4163 4444,
1000 4100 1105 4150 actione
1126 4098 1145 4149 Ο
1165 4093 1174 4165 41
1198 4097 1290 4150 delicti
1311 4099 1381 4162 4444,

303 4163 367 4212 44444
388 4161 407 4210 C
423 4160 433 4229 11
450 4165 560 4213 nomine
580 4165 650 4229 4444,
668 4179 768 4216 nomen
784 4166 809 4217 G.
