3190 4868
603 303 689 372 -ζ
733 331 792 391 201
838 363 924 372 --
1082 328 1303 390 uvosto-tas

229 522 416 582 contrarium
437 518 596 580 indicium.
640 537 714 580 nom
736 519 911 579 calumniae
933 518 1048 581 iudicio
1072 518 1211 582 decimae
1233 539 1307 600 par-

228 609 268 668 tis
290 625 381 668 nemo
410 605 579 668 damnatur
605 607 665 666 nisi
692 607 746 685 qui
775 604 929 685 intellegit
950 624 1012 666 non
1035 614 1120 666 recte
1143 623 1177 667 se
1200 624 1304 687 agere,

230 692 288 755 sed
309 691 447 754 uexandi
471 691 646 752 aduersarii
669 693 768 771 gratia
789 693 940 752 actionem
963 693 1107 770 instituit,
1137 693 1305 773 potiusque

230 797 269 840 ex
295 778 407 840 iudicis
435 796 541 838 errore
569 776 623 838 uel
645 778 807 859 iniquitate
837 779 998 838 uictoriam
1020 785 1127 858 sperat
1149 797 1243 858 quam
1267 797 1307 840 ex

229 883 321 928 causa
345 865 502 940 ueritatis;
532 863 687 924 calumnia
718 865 800 924 enim
822 865 853 924 in
883 862 1008 924 adfectu
1035 871 1096 942 est,
1125 865 1206 925 sicut
1231 865 1330 925 furtis

228 953 354 1012 crimen.
387 950 540 1010 contrario
563 967 640 1010 uero
663 949 777 1010 iudicio
801 951 884 1010 omni
907 949 999 1010 modo
1023 949 1189 1011 damnatur
1211 957 1305 1031 actor,

228 1039 254 1098 si
278 1053 404 1097 causam
426 1054 488 1096 non
511 1037 660 1114 tenuerit,
684 1035 758 1096 lieet
780 1034 880 1114 aliqua
902 1037 1046 1115 opinione
1068 1034 1217 1098 inductus
1240 1055 1308 1098 cre-

156 1125 216 1189 479
229 1122 344 1184 diderit
365 1140 400 1183 se
422 1129 506 1183 reete
530 1139 633 1202 agere.
677 1123 791 1201 Vtique
808 1127 912 1181 autem
928 1122 1100 1202 exquibus
1116 1125 1218 1184 causis
1235 1141 1308 1184 con-

227 1210 321 1269 trario
344 1207 458 1269 iudicio
486 1209 538 1288 agi
558 1214 674 1287 potest,
707 1209 799 1268 etiam
828 1206 1002 1268 calumniae
1030 1207 1180 1269 iudicium
1203 1208 1307 1270 locum

226 1294 338 1370 habet;
362 1293 419 1355 sed
442 1293 592 1354 alterutro
615 1299 733 1353 44444444
754 1293 869 1355 iudicio
892 1311 985 1373 agere
1008 1297 1207 1374 permittitur.
1244 1305 1348 1375 qualo

227 1381 346 1440 ratione
370 1381 396 1441 si
417 1379 639 1442 iusiurandum
662 1378 702 1440 de
725 1379 884 1440 calumnia
907 1387 1052 1440 exactum
1067 1381 1170 1458 fuerit,
1195 1399 1308 1462 qnem-

227 1465 398 1527 admodum
421 1464 594 1527 calumniae
617 1464 767 1526 iudicium
790 1483 852 1527 non
876 1465 977 1544 datur,
1001 1468 1043 1526 ita
1066 1474 1097 1528 et
1118 1468 1307 1528 contrarium

156 1551 301 1617 tatami
327 1569 388 1612 otoo
415 1551 519 1612 debet.
571 1550 824 1630 Restipulationis
855 1570 982 1632 quoque
1017 1571 1119 1632 poena
1146 1571 1186 1614 ex
1214 1555 1307 1614 certis

227 1639 330 1698 causis
353 1638 421 1698 fieri
443 1637 537 1713 solet3
565 1645 596 1699 et
618 1637 886 1718 quemadmodum
909 1640 1062 1699 contrario
1085 1638 1199 1700 iudicio
1223 1640 1307 1699 omni

227 1722 319 1784 modo
342 1723 568 1785 condemnatur
590 1731 688 1801 actor,
717 1725 743 1784 si
766 1742 893 1785 oausam
915 1742 978 1784 non
1000 1727 1150 1804 tenuerit,
1174 1743 1234 1786 nec
1255 1735 1348 1785 re-ts

228 1811 371 1890 quiritur,
395 1828 435 1870 an
457 1812 561 1871 scierit
583 1827 645 1870 non
667 1817 753 1870 recte
776 1828 811 1871 se
831 1828 934 1890 agere,
958 1813 1000 1870 ita
1023 1813 1114 1872 etiam
1137 1810 1306 1890 restipula-

227 1897 318 1957 tionis
340 1913 442 1975 poena
464 1898 547 1956 omni
574 1893 586 1975 ΙΙ
612 1896 704 1958 modo
728 1893 895 1956 damnatur
917 1904 1015 1975 actor,
1045 1899 1071 1958 si
1093 1899 1221 1958 uincere
1242 1915 1305 1957 non
1316 1917 1375 1969 pag.
1391 1907 1440 1954 aaa

156 1986 210 2046 484
226 1985 372 2060 potuerit.
426 1982 486 2054 Qui
519 1989 624 2043 autem
657 1981 903 2061 restipulationis
940 2001 1073 2062 poenam
1105 1986 1237 2062 patitur,
1277 1985 1306 2044 ei

225 2086 331 2148 neque
368 2067 541 2128 calumniae
578 2066 728 2128 iudicium
766 2069 933 2147 opponitur
965 2087 1069 2149 neque
1102 2067 1306 2131 iurisiurandi

225 2152 336 2234 religio
366 2156 550 2234 iniungitur;
584 2172 656 2214 nom
679 2156 869 2214 contrarium
895 2153 1046 2216 iudicium
1069 2173 1110 2216 ex
1130 2157 1178 2217 his
1202 2157 1304 2216 causis
1317 2165 1348 2211 ao

225 2238 330 2300 locum
351 2258 413 2301 non
435 2239 554 2301 habere
576 2239 681 2319 palam
704 2246 759 2300 est.

156 2329 216 2390 482
314 2325 511 2398 Quibusdam
544 2325 667 2386 iudiciis
697 2324 834 2387 damnati
856 2326 1051 2406 ignominiosi
1080 2326 1175 2406 fiunt,
1205 2325 1306 2386 ueluti

228 2411 319 2492 furti,
353 2415 387 2474 ui
408 2411 564 2472 bonorum
590 2418 765 2491 raptorum,
799 2412 1001 2488 iniuriarum3
1033 2413 1108 2472 item
1130 2431 1187 2491 pro
1211 2414 1303 2490 socio,

228 2498 376 2578 fiduciae,
400 2497 530 2576 tutelae,
558 2497 708 2577 mandati,
738 2496 880 2576 depositi.
926 2497 983 2558 sed
1006 2497 1081 2558 furti
1103 2506 1157 2558 aut
1179 2499 1213 2558 ui
1236 2494 1305 2580 <bo-

227 2582 356 2665 norom>
383 2591 545 2663 raptorum
573 2591 627 2645 aut
653 2585 839 2644 iniuriarum
865 2601 927 2644 non
952 2582 1057 2644 solum
1084 2583 1221 2645 damnati
1247 2595 1348 2644 no-ac

227 2676 333 2730 tantur
359 2671 542 2751 ignominia,
571 2669 628 2730 sed
655 2671 753 2740 etiam,
776 2671 872 2748 pacti,
904 2675 939 2728 ut
964 2671 996 2730 in
1024 2669 1124 2730 edicto
1152 2671 1305 2749 praetoris

227 2757 379 2835 scriptum
402 2763 466 2832 est;
495 2763 526 2816 et
548 2762 648 2816 recte:
672 2755 845 2834 plurimum
869 2756 950 2816 enim
973 2757 1111 2835 interest,
1135 2765 1242 2816 utrum
1266 2774 1306 2816 ex

226 2839 339 2903 delicto
363 2842 476 2922 aliquis
499 2860 540 2902 an
563 2861 602 2902 ex
625 2848 786 2902 contractu
809 2841 932 2902 debitor
956 2843 1003 2902 sit.
1040 2860 1095 2903 nec
1118 2848 1219 2902 tomen
1240 2841 1306 2903 ulla

225 2935 315 3004 parte
338 2929 430 2990 edicti
453 2927 486 2988 id
501 2929 605 3008 ipsum
620 2929 800 2988 nominatim
817 2929 1011 3008 exprimitur,
1035 2935 1071 2990 ut
1086 2928 1199 3010 aliquis
1215 2929 1305 3009 igno-

295 3147 310 3207 §
329 3151 378 3198 tta
396 3163 485 3213 nsque
503 3151 537 3200 ad
556 3153 588 3199 28
607 3153 641 3200 sit
658 3149 714 3200 sere
728 3171 759 3193 =
774 3151 837 3202 inst,
858 3152 879 3213 t,
899 3154 940 3216 46,
959 3155 982 3201 2.

296 3372 306 3417 4
353 3382 415 3419 nam
459 3371 601 3433 Goeschco,
641 3387 695 3423 non
738 3372 757 3423 O
789 3373 800 3435 ΙΙ
835 3374 916 3422 uerba
955 3373 1077 3424 decimae
1115 3372 1200 3436 partis
1239 3373 1305 3422 delet

226 3437 344 3488 Huschke
372 3438 383 3500 ΙΙ
415 3442 430 3487 2
453 3439 599 3490 damnatur
624 3441 768 3503 domolus,
798 3441 982 3491 damneturC
1009 3442 1020 3504 ΙΙ
1053 3444 1067 3490 4
1090 3441 1137 3490 uel
1160 3441 1304 3504 iniquitate

229 3507 370 3571 Goeschco,
400 3504 606 3574 ualiliniquitate
639 3509 658 3560 G
681 3511 692 3573 ΙΙ
716 3515 730 3560 t
761 3508 872 3560 adiectu
904 3508 1043 3574 Goesctcn,
1077 3508 1214 3559 adfectum
1248 3509 1267 3560 0
1294 3504 1304 3576 ΙΙ

226 3580 240 3624 7
272 3577 362 3640 aliqua
383 3575 512 3626 Gocseteo
542 3577 631 3643 (olim),
666 3581 719 3628 alia
740 3578 771 3643 C,
806 3577 874 3627 44444
896 3577 1025 3628 (44444444
1059 3577 1167 3640 (posteo)
1192 3577 1203 3641 ΙΙ
1227 3581 1241 3626 9
1261 3579 1304 3640 ogi

225 3662 387 3725 Lochmooo,
418 3675 497 3724 agere
528 3661 579 3726 014
604 3667 635 3712 to
667 3666 769 3713 tantum
804 3662 945 3725 Goesclteo,
978 3665 1027 3712 tm·
1061 3662 1114 3724 011
1138 3666 1165 3712 44
1201 3663 1304 3713 calum-

225 3733 270 3780 nia
295 3731 435 3795 Gocschco,
463 3732 616 3782 calumniae
642 3732 662 3782 C
684 3733 695 3796 ΙΙ
720 3735 750 3781 43
775 3731 834 3780 dari
860 3744 914 3781 non
935 3731 1075 3793 Goeschon,
1101 3745 1156 3780 non
1178 3731 1238 3782 dari
1259 3731 1279 3781 C
1301 3728 1305 3796 Ι

227 3802 359 3862 44-442,
389 3804 403 3848 8
434 3801 500 3862 conf.
533 3800 578 3852 (3⁸⁸
601 3800 612 3864 ΙΙ
637 3804 668 3849 2⁰
700 3801 851 3862 iniungitur
887 3800 1013 3864 Socipop,
1049 3801 1200 3863 niiungitur
1232 3799 1267 3850 0¹¹
1321 3857 1323 3863 .

226 3881 290 3917 nam
315 3868 452 3932 Goescloao,
476 3883 529 3919 noo
556 3868 590 3919 Cn
614 3869 626 3932 ΙΙ
649 3873 681 3918 44
712 3869 877 3933 quibusdam
902 3867 929 3931 G,
960 3882 993 3918 ex
1023 3868 1189 3932 quibusdam
1213 3869 1275 3919 14444.

226 3939 258 3984 at
286 3935 350 3986 furti
376 3938 405 3998 C,
434 3937 499 3987 lorti
526 3939 638 4002 quidem
662 3939 722 3988 lost.
746 3937 758 4002 ΙΙ
783 3940 882 3986 44-45
910 3936 1047 3988 honorum
1075 3938 1151 4000 lost,
1180 3950 1228 3987 om.
1259 3936 1279 3987 G

226 4008 258 4053 at
278 4007 348 4068 pacti
367 4006 404 4070 ut]
423 4007 494 4071 pacti
513 4007 534 4055 it
552 4012 597 4057 444
613 4009 708 4072 pactut
729 4006 760 4069 0,
784 4007 857 4070 pacti
880 4006 989 4070 (omissis
1006 4007 1093 4056 444444
1110 4009 1141 4057 ut
1218 4007 1303 4071 scrip-

226 4076 284 4122 tum
296 4076 344 4136 est)
363 4077 427 4126 lost.
445 4075 456 4138 ΙΙ
473 4079 504 4124 28
524 4088 576 4124 nec
594 4080 683 4125 tomen
696 4078 854 4140 scripsimus,
873 4075 938 4137 eoos.
956 4075 1101 4138 Zeitscltrift
1116 4077 1163 4126 der
1175 4076 1303 4139 sompno-

226 4141 341 4206 Sts'ftuop
358 4145 428 4195 Rom.
446 4145 518 4195 Atto.
533 4144 645 4206 lipsa
663 4158 725 4206 seq,
745 4158 809 4196 nam
826 4147 869 4196 444
886 4145 944 4194 nim
966 4140 1003 4196 0?
