3084 4868
320 550 514 587 4444444444
536 534 664 588 nonest
686 544 762 588 *en
785 535 856 606 post
878 522 1172 610 ἥκῃ-41444444,
1197 526 1256 589 sed
1271 536 1320 590 est
1342 529 1404 590 hoc

323 639 390 671 aa*
414 617 483 675 iure
508 621 562 674 aut
583 635 644 669 *a*
667 612 753 692 quod
775 613 943 692 praebebit
965 613 1018 674 lex
1040 632 1082 674 4444
1105 612 1295 674 tabularum.
1343 614 1403 676 sed

322 701 446 764 deferre
468 700 527 761 hoc
550 697 690 780 [----]
710 695 715 781 Ι
735 697 832 761 debet
853 707 982 779 propter
1004 699 1200 762 calumniam.

270 786 309 846 87
406 788 487 866 Ergo
503 785 574 847 ideo
591 787 721 846 interest
735 791 894 847 mortuum
911 785 1029 847 dedere
1045 782 1247 867 [---]lter
1261 787 1405 848 animali-

321 874 382 935 bus
412 891 471 933 nac
502 878 549 934 est
580 893 597 928 4
631 872 691 932 nisi
725 874 931 934 serenatione
961 873 1051 952 ponis
1085 872 1133 932 his
1168 889 1250 953 quae
1282 875 1430 936 rationes

324 961 458 1037 [carent.

271 1045 310 1104 88
406 955 496 1106 Nino
510 1042 700 1106 admonendi
720 1062 839 1124 sumus,
861 1043 947 1125 quod
962 1043 1113 1104 iudicium

321 1133 352 1192 in
378 1129 577 1210 44444444-
599 1126 744 1212 atillenae
774 1147 928 1210 personae
957 1131 1126 1190 constituet
1153 1131 1230 1190 actio
1254 1165 1322 1174 —-
1344 1129 1405 1192 sad

321 1236 383 1278 non
404 1217 549 1296 personis
567 1215 741 1297 legitimum
763 1211 1001 1298 [--—]lstare
1024 1233 1087 1276 non
1109 1221 1221 1296 potest,
1245 1235 1317 1277 cum
1339 1235 1405 1278 non

322 1311 382 1366 stet
403 1302 554 1364 iudicium
576 1321 681 1364 nec-
910 1309 941 1362 ta
963 1301 1094 1362 habebit
1117 1301 1271 1364 effectum.
1415 1319 1443 1364 44

272 1389 311 1448 89
408 1385 566 1470 [—--]
588 1384 592 1470 l
612 1394 795 1466 tractamus,
826 1406 908 1468 quae
937 1389 998 1449 sint
1027 1386 1166 1468 legitima
1194 1387 1319 1449 iudicia.
1342 1389 1404 1452 nisi

321 1481 447 1556 praetor
462 1473 515 1536 uel
538 1491 668 1553 praeses
682 1474 863 1552 prouinciae
887 1475 942 1554 qui
964 1472 1169 1553 hebeni——
1183 1473 1324 1555 prolprio
1347 1493 1405 1536 no-

272 1561 405 1624 90mino
434 1561 608 1622 consistunt
635 1559 791 1640 legitimae
819 1577 983 1639 personae.
1028 1561 1096 1621 Non
1127 1559 1230 1622 solnm
1257 1579 1316 1640 per
1345 1579 1403 1622 nos

321 1645 414 1729 [ipsos
430 1643 621 1727 posllsumus
637 1645 766 1726 litigare,
789 1645 846 1707 sed
867 1648 959 1708 etiam
974 1665 1033 1726 per
1048 1645 1135 1725 alias,
1156 1665 1218 1708 non
1233 1665 1291 1726 per
1307 1665 1405 1727 quas·

322 1752 471 1814 cumque,
499 1731 557 1794 sed
578 1750 636 1811 per
659 1737 760 1792 certas
783 1731 964 1812 personlas,
993 1733 1107 1794 scih'cet
1130 1729 1200 1813 per]
1228 1735 1444 1814 cognitoresla

323 1827 376 1882 aut
391 1837 449 1898 per
463 1825 683 1897 procuratores
707 1825 761 1878 aut
782 1837 840 1896 per
857 1825 975 1880 tutores
998 1825 1053 1880 aut
1075 1825 1243 1897 curatores,
1268 1821 1323 1900 qui
1345 1837 1404 1899 pro

323 1903 406 1984 alliis
429 1900 601 1985 —llentes
624 1903 742 1966 habent
764 1903 916 1984 legitimas
939 1922 1100 1984 personas.

273 1991 306 2050 94
409 1991 468 2050 lli*
495 1989 762 2070 quemadmodum
789 1997 873 2050 tutor
895 1997 949 2052 aut
971 1989 1118 2072 [curator]
1138 1986 1143 2072 Ι
1163 1991 1402 2070 constituantur,

323 2079 354 2138 in
382 2078 482 2155 primo
506 2077 726 2137 commentario
748 2075 883 2137 relatum
906 2083 962 2138 est.
1008 2078 1148 2156 cognitor
1170 2074 1278 2155 cerlh's
1298 2075 1403 2138 uerbis

324 2159 540 2244 suhslltituilur
562 2171 593 2223 at
615 2181 633 2222 a
651 2168 817 2242 praesente
836 2163 993 2240 praesenti
1014 2162 1107 2224 datur
1127 2163 1187 2224 hoo
1209 2161 1316 2240 modo,
1339 2177 1442 2224 noum

327 2247 421 2310 uelim
444 2248 519 2309 dare
543 2255 573 2308 ta
596 2245 683 2329 [quae
706 2247 781 2308 mihi
802 2246 898 2328 debes]
918 2243 923 2331 l
942 2250 984 2308 ita
1000 2248 1082 2310 dIco:
1106 2267 1184 2321 oron
1201 2267 1293 2308 rncvu
1309 2267 1402 2310 aanor

324 2353 399 2396 rouo
415 2354 453 2394 nu
469 2353 536 2394 rnna
554 2353 598 2413 nn,
623 2329 682 2394 h‘oc
704 2341 752 2396 est
977 2371 1125 2377 —
1140 2333 1153 2414 ΙΙ
1169 2332 1274 2414 [-—]
1297 2353 1403 2398 coam-
1413 2343 1454 2396 lor.
1466 2345 1511 2393 nu

323 2440 419 2482 ronnn
439 2439 530 2482 444444
551 2437 641 2482 4444444
663 2437 760 2497 servu,
784 2426 838 2481 aut
860 2422 887 2482 si
906 2439 980 2482 reus
996 2420 1075 2482 uelit
1098 2420 1174 2482 dare
1197 2422 1401 2502 cognitorem:

323 2526 400 2580 oron
424 2527 458 2568 44
476 2504 479 2589 l
497 2505 610 2587 [naara
634 2507 740 2584 naalon
770 2525 828 2584 us,
857 2525 888 2568 444
909 2525 967 2568 nnn
990 2526 1047 2567 anu
1070 2525 1109 2568 no
1133 2525 1192 2568 4444
1216 2525 1403 2569 cocurronnn

323 2613 411 2654 444444
434 2611 524 2653 clun
547 2611 639 2655 euru.
1412 2607 1442 2652 44

273 2680 311 2740 98
408 2680 488 2759 Ergo
511 2685 546 2739 ut
569 2675 741 2760 cogllm'tor]
768 2680 982 2756 constituatur,
1007 2686 1034 2740 et
1051 2679 1228 2758 praesentia
1256 2696 1403 2740 necessa-

393 2873 428 2922 ad
446 2873 461 2934 5
481 2875 511 2922 84
532 2871 602 2923 coni.
622 2874 678 2923 Gai.
699 2875 721 2936 4,
742 2876 768 2922 84
800 2869 811 2938 ΙΙ
836 2873 871 2923 ad
888 2875 904 2936 8
924 2877 954 2924 88
973 2873 1043 2924 coni.
1063 2875 1119 2923 Gai.
1140 2876 1166 2937 4,
1187 2877 1218 2924 88
1241 2871 1250 2941 ΙΙ
1272 2875 1307 2925 ad
1326 2875 1341 2937 9
1361 2879 1400 2926 88.

324 2944 354 3072 2?
367 2939 443 3058 84344444.
464 2941 519 2991 Gai.
540 2943 562 3005 4,
582 2941 685 3004 88414441
703 2942 718 3002 5
737 2945 765 2990 84
788 2942 859 2992 conl.
879 2943 934 2992 Gai.
953 2944 976 3006 4,
997 2947 1036 2992 85.
1056 2937 1161 3008 881148
1179 2944 1238 3005 §92
1258 2942 1330 2994 coni.
1345 2945 1400 2995 Gai.

391 3193 399 3238 4
425 3193 466 3240 est
487 3190 540 3240 hoc
563 3190 596 3238 de
620 3191 677 3238 iure
700 3191 812 3252 antiquo
835 3191 907 3254 quod
928 3195 1050 3253 proponit
1074 3193 1215 3242 Mommsen
1237 3194 1401 3254 capitaneae

319 3260 439 3320 partitus
460 3260 577 3308 secandis
595 3259 606 3321 11
626 3260 639 3307 4
659 3259 770 3307 interest
794 3259 940 3322 mortuum]
965 3274 1002 3308 a*
1024 3264 1164 3310 mortuum
1187 3258 1231 3321 Ak,
1261 3265 1400 3312 mortuum

322 3329 433 3378 interest
450 3327 483 3376 A⁰
495 3327 533 3390 415
554 3329 595 3376 est
671 3326 758 3391 ponis]
780 3329 821 3376 est
839 3327 942 3377 licitum
966 3330 1018 3378 nisi
1044 3333 1083 3378 ter
1102 3331 1237 3379 actionem
1260 3330 1339 3394 ponis
1358 3329 1399 3392 11⁰,

320 3399 362 3448 ast
379 3411 395 3445 a
415 3397 464 3460 (uel
482 3397 527 3459 aa)
546 3396 599 3446 nisi
617 3409 648 3444 ee
669 3399 708 3458 (π
723 3392 809 3458 assei)
828 3398 972 3446 *aetion*
990 3399 1069 3462 ponis
1082 3397 1128 3448 ak:
1148 3399 1201 3448 nisi
1219 3399 1400 3449 iurationem

321 3466 400 3530 ponis
418 3469 523 3527 temptat
542 3467 683 3516 Mommsen
700 3461 711 3530 ΙΙ
730 3469 743 3514 6
762 3468 856 3515 carent
873 3467 1002 3528 suppleuit
1023 3467 1157 3517 Chatelain
1169 3466 1180 3528 ΙΙ
1194 3470 1225 3515 44
1246 3480 1401 3517 uec——

318 3561 421 3569 —-
433 3533 467 3597 ta]
489 3547 539 3584 nec
558 3535 629 3584 actio
649 3532 804 3598 interulpha
816 3533 857 3597 ΑΘ,
880 3547 930 3583 nec
948 3535 1021 3584 enim
1034 3537 1105 3586 actio
1124 3550 1163 3584 *a
1181 3537 1224 3584 ata
1243 3535 1399 3601 (praelatui)

319 3601 353 3654 Al
366 3603 377 3667 ΙΙ
392 3608 417 3652 44
441 3604 560 3666 legilima
579 3603 681 3653 iudicia
698 3603 741 3666 11⁰3
761 3607 849 3653 tuetur
866 3604 912 3652 hoc
931 3603 1072 3654 Mommsen
1090 3605 1232 3666 supplendo
1251 3604 1321 3655 inira
1341 3611 1401 3656 ante

320 3677 481 3736 tractamus;
508 3672 620 3735 sortasse
643 3676 729 3721 tamen
750 3671 885 3734 legitimae
904 3683 1038 3735 personae
1056 3686 1105 3722 scr.
1129 3670 1139 3737 ΙΙ
1158 3677 1189 3723 48
1208 3673 1318 3736 haban[t
1337 3687 1400 3725 cau-

319 3755 376 3792 sam
403 3742 525 3806 prolprio
549 3743 671 3802 proponit
698 3741 838 3791 Mommsen
861 3737 872 3806 ΙΙ
897 3745 926 3788 44
956 3739 1025 3802 [aliis
1055 3741 1221 3806 praeslentes
1252 3743 1398 3794 Chatelain:

318 3811 408 3860 malim
434 3807 505 3877 [aliis
532 3809 650 3874 aglentes
676 3805 687 3874 ΙΙ
714 3812 745 3858 48
765 3807 1075 3873 hirminmarius?
1103 3807 1112 3876 ΙΙ
1138 3813 1250 3861 curator
1270 3814 1401 3874 suppleuit

321 3877 454 3930 Chatelain
466 3880 476 3942 44
490 3883 521 3930 49
541 3881 662 3929 lacunam
680 3879 808 3939 suppleuit
823 3877 955 3928 Chatelain
976 3879 1010 3927 aa
1025 3879 1081 3929 Gai.
1101 3882 1123 3944 4,
1143 3883 1173 3929 88
1187 3875 1197 3946 {l
1209 3883 1240 3928 8ο
1262 3882 1399 3944 praesenti

322 3949 451 4008 suppleuit
470 3949 572 3998 Ferrini
583 3944 593 4012 ΙΙ
605 3946 669 4009 non]
684 3960 746 3996 cum
763 3949 906 4009 requiritur
917 3946 928 4010 ΙΙ
941 3950 973 3995 88
992 3949 1157 4010 cognitorem
1176 3949 1323 3999 dubitanter
1340 3951 1399 4012 iepit

321 4012 463 4066 Chatelain:
483 4022 542 4067 ante
561 4017 730 4078 cognitorem
749 4029 807 4064 cum
822 4017 937 4066 Ferriuio
955 4019 1076 4078 suppleas
1093 4043 1196 4054 —-
1214 4018 1241 4066 iu
1260 4031 1321 4068 eam
1340 4031 1397 4068 rem

319 4081 353 4132 do
378 4082 441 4148 tibi,
464 4085 530 4146 conf.
553 4098 621 4134 uere.
641 4087 672 4133 84
690 4083 748 4147 4484
767 4085 889 4134 lacunam
907 4086 1020 4146 capienti
1047 4084 1178 4136 Chatelain
1195 4081 1206 4152 ss
1223 4088 1254 4134 88
1275 4089 1399 4151 cognitor

317 4153 446 4213 suppleuit
464 4153 574 4202 Ferriui.
