3084 4868
188 589 276 672 quod
300 592 354 670 qui
376 589 531 669 maluerit,
554 589 637 650 facili
652 591 775 670 negotio
797 590 870 650 talia
898 589 1079 652 emendabit
1101 591 1197 672 quale
1219 591 1300 653 illud
1323 601 1370 654 est

188 678 202 737 1
227 677 247 755 5
272 676 332 738 492
357 673 436 757 (pag.
462 676 512 754 43,
537 673 575 734 47
598 676 692 736 huius
715 673 869 756 editionis(
893 675 1127 757 obligationisue
1149 677 1369 757 suscipiendae.

187 762 330 824 Eandem
352 763 589 823 inconstantiam
611 763 643 822 14
665 762 837 823 uerborum
866 761 968 823 modis
996 761 1183 824 adhibendis
1209 783 1272 824 non
1300 781 1372 824 raro

188 867 262 910 cum
287 849 310 908 0
330 865 520 909 conseruare
542 847 651 908 malui:
675 847 776 908 ueluti
798 850 811 908 1
835 848 854 926 ᾗ
879 845 918 907 76
942 845 1022 930 (pag.
1049 849 1098 928 49,
1123 850 1162 910 st
1186 851 1280 911 huius
1302 850 1370 911 edi-

187 933 292 1013 tionis(
322 941 469 1014 expectes
497 933 654 994 conubium
680 935 742 1013 stt,
772 934 828 1012 1ss
854 927 930 994 (95b
957 933 1036 1015 (pag.
1063 935 1112 1014 44,
1142 933 1192 1016 44)
1223 943 1370 1014 expectes

188 1021 336 1099 dederit,
368 1027 425 1082 ete.
470 1021 534 1082 Nec
560 1026 664 1080 tamen
692 1021 777 1080 14441
804 1019 991 1100 prudentiae
1014 1019 1109 1082 laude
1133 1021 1200 1082 sola
1222 1021 1369 1083 delector.

188 1108 388 1179 Quinetiam
409 1107 515 1168 nescio
538 1124 577 1166 an
600 1105 758 1167 nonnullis
781 1105 856 1168 loeis
879 1106 1003 1187 longius
1027 1125 1121 1186 quam
1147 1125 1206 1186 par
1229 1115 1277 1168 est
1299 1126 1371 1188 pro-

188 1211 319 1274 gressus
343 1194 401 1254 sim
424 1195 455 1254 in
478 1191 682 1272 perpolienda
704 1193 842 1253 oratione
865 1192 993 1253 Gaiana:
1025 1194 1069 1253 sic
1091 1192 1219 1255 uidetur
1242 1193 1371 1274 quidem

190 1279 267 1340 Gaio
296 1281 328 1339 in
354 1278 619 1358 Instituticnibus‚
654 1279 680 1338 si
707 1277 805 1339 codici
831 1277 954 1340 Glides
975 1277 1124 1340 habenda
1152 1287 1214 1359 cst,
1247 1280 1368 1361 ubique

187 1364 283 1426 reddi
304 1381 398 1444 posse
420 1364 547 1444 proinde
569 1365 669 1424 forma
692 1360 781 1445 (conf.
808 1363 844 1425 0⁵
865 1382 936 1446 pag.
961 1361 1048 1446 286);
1071 1372 1207 1426 attamen
1223 1366 1372 1427 confiten-

190 1450 268 1512 dum
302 1457 350 1512 est
375 1453 406 1511 in
435 1451 479 1512 414
509 1450 707 1530 fragmentis,
742 1469 823 1530 quae
852 1452 907 1531 qui
936 1451 1026 1512 iussu
1059 1451 1220 1513 iustiniani
1247 1453 1372 1533 Digesta

190 1536 441 1617 compilauerunt
469 1555 509 1596 ex
536 1536 604 1598 aliis
631 1532 768 1617 (praeter
796 1535 1016 1616 Institutioncs(
1040 1536 1095 1597 Gai
1123 1537 1213 1598 libris
1241 1556 1372 1617 excerp-

189 1631 309 1702 serunt,
337 1623 457 1702 Gaium,
486 1623 511 1682 si
534 1623 582 1684 his
604 1621 738 1684 testibus
761 1621 842 1684 fides
864 1622 1011 1684 habenda
1034 1629 1090 1701 444,
1119 1623 1218 1684 multo
1245 1625 1371 1702 saepius

187 1709 318 1789 perinde
345 1707 498 1770 aduerbio
526 1726 621 1769 usum
649 1725 720 1769 esse
750 1727 844 1788 quam
871 1709 1006 1787 proinde.
1059 1710 1221 1770 Nescimus
1254 1717 1369 1788 autem,

190 1813 255 1877 qua
277 1795 423 1856 libertate
447 1795 664 1873 compilatores
687 1795 849 1855 Iustiniani
872 1796 1017 1856 orationis
1044 1797 1254 1876 antiquiorum
1281 1797 1373 1856 iuris-

189 1880 406 1943 consultorum
429 1881 559 1941 formam
588 1881 791 1941 mutauerint:
823 1898 849 1941 4.
878 1900 905 1961 g.
934 1880 1068 1942 testibus
1096 1882 1229 1962 Digestis
1260 1882 1309 1961 46,
1342 1881 1368 1959 4,

191 1967 264 2047 444,
288 1968 307 2028 2
330 1967 425 2028 Gaius
449 1965 548 2027 semel
570 1968 694 2045 scripsit
712 1965 840 2045 proinde
866 1985 903 2027 ec
929 1967 965 2026 st
988 1963 1267 2048 paterfamtttmss),
1297 1965 1371 2028 alibi

190 2059 370 2116 constanter
390 2052 517 2132 proinde
539 2071 576 2113 oc
598 2049 676 2134 (sine
699 2049 736 2134 si(
759 2054 790 2112 in
806 2051 959 2113 eiusmodi
974 2052 1201 2129 locutionibus;
1224 2055 1285 2114 iam
1300 2072 1372 2114 cum

189 2141 203 2200 1
228 2140 248 2218 ξ
273 2139 333 2198 448
361 2136 441 2220 (pag.
470 2139 520 2219 36,
549 2141 567 2198 9
594 2135 691 2198 huius
717 2135 872 2218 editionis(
901 2138 1002 2200 codex
1026 2139 1049 2198 G
1069 2139 1221 2218 praebeat
1243 2139 1373 2218 proinde

190 2243 228 2286 ac
250 2225 282 2286 ci
308 2224 399 2304 filiae,
426 2224 511 2285 hunc
538 2223 758 2285 soloecismum
784 2225 845 2303 ipsi
871 2224 945 2285 Gaio
971 2223 1112 2286 tribuere
1138 2227 1240 2304 prima
1267 2227 1372 2304 specie

188 2313 247 2373 uix
284 2313 452 2392 quisquam
486 2309 692 2385 dubitauerit3
729 2316 865 2370 attamen
898 2328 970 2370 cum
1003 2311 1034 2370 14
1068 2309 1179 2371 eodem
1213 2313 1371 2371 enuntiato

190 2395 215 2479 (l
239 2397 259 2475 ἕ
284 2394 356 2479 448)
379 2396 473 2458 Gaius
495 2403 575 2458 teste
598 2395 710 2457 eodem
733 2396 839 2457 codice
857 2396 1053 2473 Oseripserit
1073 2396 1200 2475 proinde
1223 2415 1260 2456 oc
1281 2399 1370 2475 nepti,

188 2502 254 2545 non
273 2483 403 2562 proinde
426 2501 461 2544 oc
484 2484 513 2543 st
533 2483 625 2562 aeptt',
651 2481 840 2561 elegantiore
863 2481 963 2541 forma
985 2483 1078 2542 etiam
1100 2483 1132 2543 14
1153 2483 1259 2560 priore
1278 2482 1372 2543 huius

190 2571 342 2632 enuntiati
363 2575 453 2648 parte
476 2585 571 2630 usum
594 2586 664 2629 esse
686 2567 797 2629 Gaium
820 2586 943 2628 mecum
970 2569 1155 2628 consenties.
1201 2569 1254 2628 His
1278 2575 1309 2628 et
1331 2569 1373 2628 si-

189 2654 319 2716 milibus
343 2654 496 2734 excmplis
519 2656 638 2715 cautior
660 2653 760 2714 factus
783 2655 815 2713 in
837 2659 1016 2714 contextum
1038 2671 1102 2714 non
1123 2655 1230 2733 recepi
1244 2655 1304 2714 nisi
1320 2671 1372 2714 eas

190 2740 440 2819 emendationes,
475 2759 557 2821 quae
579 2741 646 2802 fere
668 2747 771 2801 certae
793 2739 995 2818 uiderentur,
1030 2757 1066 2799 ac
1093 2758 1133 2800 ne
1160 2741 1193 2799 in
1220 2748 1374 2820 apparatu

190 2829 296 2888 critico
320 2827 449 2908 quidem
471 2826 623 2905 adscripsi
644 2828 704 2887 nisi
727 2825 858 2886 selectas
880 2827 1023 2886 uirorum
1039 2825 1374 2897 doctorumconiectu-

189 2931 254 2993 ras,
277 2931 358 2994 quae
381 2913 487 2992 aliqua
512 2911 732 2991 probabilitate
759 2911 1063 2973 commendarentur.
1106 2913 1252 2975 Ceterum
1281 2915 1373 2973 etiam

190 3017 301 3061 earum
324 2999 578 3060 emendationum
600 2997 654 3059 uel
677 2999 913 3077 correctionum,
936 3016 1015 3078 quas
1030 2997 1113 3058 facili
1128 3000 1251 3079 negotio
1268 3000 1373 3080 quiuis

189 3085 287 3166 paulo
314 3085 433 3146 doctior
458 3085 562 3164 faciat,
596 3085 733 3163 primum
759 3090 918 3145 auctorem
945 3085 1011 3145 1444
1040 3084 1158 3165 ubique
1181 3083 1292 3161 adieci;
1329 3091 1374 3144 44-

189 3179 295 3233 tamen
318 3190 423 3232 meum
452 3189 566 3231 nomen
594 3188 752 3250 nusquam
774 3170 945 3249 adscripsi,
980 3170 1126 3250 quoniam
1152 3187 1215 3230 non
1237 3177 1300 3230 tam
1322 3187 1373 3231 re-

191 3257 342 3319 censendi
364 3257 420 3318 Gai
444 3275 538 3337 quam
560 3258 782 3316 intermortuae
806 3258 979 3334 scripturae
1009 3255 1123 3316 codicis
1149 3255 1373 3336 Oplenissime

189 3343 416 3423 reciperandae
433 3350 464 3404 et
478 3341 734 3422 corrigendorum
749 3341 931 3423 uulgarium
945 3341 1039 3402 huius
1056 3340 1170 3403 codicis
1186 3341 1373 3402 mendorum

190 3447 308 3491 munus
342 3428 383 3490 ad
414 3447 465 3490 me
497 3429 694 3507 potissimum
716 3428 882 3507 pertinuit,
916 3435 947 3488 et
974 3446 1049 3489 sane
1081 3427 1230 3506 pauperis
1257 3429 1373 3508 ingenii

191 3533 264 3578 esse
288 3534 328 3576 ex
355 3513 638 3576 emendatiunculis
666 3513 788 3574 facilem
817 3513 947 3594 gloriam
978 3531 1131 3594 quaerere
1153 3511 1373 3593 Lachmann¹²)

191 3621 250 3663 444
279 3603 347 3662 1444
376 3601 504 3661 1444414.
556 3599 676 3672 Quodsi
710 3601 781 3680 quis
815 3599 1039 3679 amplissimam
1072 3599 1322 3660 coniecturarum
1355 3617 1373 3658 4

189 3688 269 3749 41414
293 3687 390 3748 doctis
414 3687 656 3767 excogitatarum
680 3687 800 3765 copiam
823 3703 1010 3766 cognoscere
1033 3683 1123 3764 uelit,
1154 3685 1180 3745 is
1204 3682 1296 3744 adeat
1318 3683 1373 3748 Gai

191 3771 344 3836 editiones
374 3773 414 3834 ab
441 3772 589 3833 Eduardo
620 3772 775 3851 Boccking
804 3789 883 3831 anno
916 3771 997 3830 4866
1026 3771 1147 3849 Lipsiae
1174 3778 1314 3832 curatam
1343 3778 1374 3831 44

192 3860 233 3921 ab
256 3861 387 3920 Ernesto
409 3857 527 3920 Dubois
551 3876 630 3918 anno
656 3857 731 3916 4884
761 3857 883 3918 Parisiis
905 3856 1026 3937 publici
1048 3857 1126 3918 iuris
1149 3855 1271 3917 factam.

264 4014 304 4076 44)
322 4015 359 4063 Da
377 4013 521 4063 1444141441
533 4013 738 4062 Institutionum
756 4023 808 4060 usu
826 4011 955 4074 loquendi
973 4010 1044 4061 coni.
1057 4009 1202 4060 Eduardus
1216 4009 1305 4075 Grupe
1324 4011 1374 4060 »de

191 4083 334 4133 Iustiniani
352 4083 555 4132 Institutionum
579 4082 792 4146 compositione«
812 4080 983 4143 Argentorati
1001 4082 1067 4130 rost
1093 4079 1129 4142 (in
1147 4079 1372 4130 Dissertationum

193 4151 418 4214 Philologicarum
435 4151 703 4213 Argentoratensium
721 4149 862 4200 uolumine
882 4147 927 4212 IX)
946 4149 983 4210 §t
1007 4161 1047 4198 nr.
1062 4151 1085 4197 ³.

263 4219 303 4284 44)
321 4219 407 4272 Praei.
426 4221 460 4270 ad
479 4220 585 4270 Terent.
604 4220 687 4270 Maur.
706 4231 765 4283 pag.
778 4232 822 4271 vn.
