3084 4868
358 1235 573 1321 (ΟΟΜΜΕΝ
578 1237 683 1300 TARI
690 1240 740 1301 VS
764 1236 960 1322 PRIMVS.)

11 1437 15 1516 l
49 1461 92 1540 §l
206 1445 238 1526 [1.
265 1465 303 1506 nr
326 1465 392 1506 rvnr
415 1463 504 1507 crum
527 1443 748 1526 ussermann]
791 1446 900 1506 Omnes
919 1447 1035 1527 populi,
1058 1450 1113 1528 qui
1126 1407 1319 1530 loppssgzvfr.

109 1532 166 1594 bos
198 1531 381 1593 electoribus
403 1539 568 1613 44944444,
595 1533 714 1611 partim
736 1549 791 1593 suo
811 1533 954 1612 proprio,
976 1535 1095 1612 partim
1117 1553 1199 1594 com-

110 1619 203 1680 muni
232 1621 363 1678 omnium
393 1616 546 1678 bominum
577 1617 645 1677 iure
676 1624 820 1696 utentum
852 1636 925 1678 nom
952 1619 1030 1698 quod
1056 1617 1198 1704 pulsique

108 1704 255 1785 populus
284 1705 353 1784 ipse
385 1703 446 1765 sibi
476 1705 526 1764 ius
558 1705 733 1783 constituit,
765 1703 799 1765 id
829 1705 929 1783 ipsius
955 1707 1120 1785 proprium
1150 1713 1198 1768 est

108 1800 312 1871 uocaturque
339 1791 389 1850 ius
418 1790 527 1869 ciuile,
559 1792 650 1870 quasi
671 1793 721 1851 ius
743 1792 908 1870 proprium
931 1792 1079 1870 ciuitatis;
1111 1792 1222 1873 quoda

109 1895 192 1939 uero
226 1875 377 1937 naturalis
411 1877 488 1936 ratio
522 1878 603 1937 inter
637 1894 745 1937 omnes
778 1877 920 1938 homines
954 1880 1127 1957 constituit,
1165 1878 1198 1940 id

110 1962 203 2044 apud
230 1980 338 2022 omnes
366 1961 503 2042 populos
529 1979 690 2043 peraeque
718 1961 895 2024 custoditur
922 1971 1117 2045 uocatusque
1146 1966 1197 2026 ius

111 2051 270 2131 gentium,
299 2050 390 2128 quasi
419 2067 482 2128 quo
512 2049 581 2109 iure
610 2066 718 2136 omnes
747 2055 856 2130 gentes
880 2056 1020 2110 utuntur.
1057 2051 1196 2130 populus

109 2139 223 2216 itaque
245 2137 400 2195 Romanus
422 2135 537 2214 partim
560 2153 617 2195 suo
640 2136 780 2215 proprio,
809 2137 922 2214 partim
951 2139 1109 2198 communi
1131 2156 1197 2197 om-

110 2223 203 2283 nium
226 2221 386 2282 hominum
408 2222 477 2281 iure
501 2222 608 2282 utitur.
655 2239 737 2302 quae
760 2221 884 2300 singula
907 2221 1012 2302 qualia
1036 2224 1106 2301 sint,
1131 2225 1238 2284 suist⁰

111 2308 191 2369 locis
215 2324 436 2388 proponemus.

84 2406 101 2466 2
202 2393 353 2456 Constant
379 2399 483 2453 autem
513 2393 582 2452 iura
604 2390 714 2472 populi
737 2393 864 2451 Romani
888 2411 928 2452 ex
956 2392 1096 2472 legibus,
1128 2392 1196 2472 ple-

110 2479 244 2559 biscitis,
265 2477 556 2557 senatusconsultis,
579 2477 853 2538 constitutionibus
874 2479 1061 2557 principum,
1086 2477 1196 2539 edictis

111 2584 226 2628 eorum
264 2568 318 2647 qui
355 2567 404 2626 ius
439 2563 584 2626 edicendi
616 2563 746 2643 habent,
784 2566 943 2642 responsis
980 2563 1194 2643 prudentium.

83 2655 176 2722 3Lex
200 2657 249 2712 est
272 2651 358 2732 quod
379 2650 518 2732 populus
547 2649 637 2711 iubet
659 2657 754 2730 atque
777 2651 943 2710 constituit.
994 2649 1237 2712 Plebiscitumu

110 2747 159 2800 est
182 2737 271 2819 quod
293 2737 386 2818 plebs
409 2736 498 2798 iubet
520 2742 614 2817 atque
639 2737 805 2797 constituit.
854 2735 947 2816 plebs
971 2743 1076 2797 autem
1099 2755 1117 2796 a
1139 2755 1196 2816 po-

109 2825 188 2904 pulo
223 2842 259 2886 eo
290 2823 396 2902 distat,
432 2822 518 2904 quod
549 2823 659 2902 populi
690 2821 899 2902 appellatione
932 2824 1074 2884 uniuersi
1108 2824 1194 2884 ciues

110 2910 329 2992 significantur
367 2911 599 2971 connumeratis
638 2909 732 2970 etiam
762 2909 915 2988 patriciis3
954 2908 1058 2988 plebis
1089 2916 1195 2970 autem

110 2995 323 3076 appellatione
355 2998 423 3058 sine
449 2997 587 3075 patriciis
614 2996 710 3056 ceteri
738 2997 824 3056 ciues
847 2995 1076 3075 significantur3
1109 2995 1194 3056 unde

110 3083 185 3144 olim
215 3084 337 3161 patricii
366 3081 512 3144 dicebant
533 3080 707 3162 plebiscitis
731 3099 766 3142 se
788 3099 850 3142 non
873 3083 989 3161 teneri,
1021 3083 1099 3162 quio
1127 3084 1234 3142 sineao

109 3171 293 3230 auctoritate
319 3186 429 3229 eorum
456 3168 537 3228 iacta
564 3175 684 3243 essent;
713 3167 770 3228 sed
800 3173 910 3246 postea
925 3166 938 3247 ΙΙ
954 3166 1008 3228 lex
1029 3169 1194 3228 Hortensia
1203 3175 1289 3237 paga

108 3254 172 3316 lata
197 3261 256 3333 est,
280 3271 343 3335 qua
365 3260 492 3316 cautum
515 3261 572 3332 est,
596 3261 631 3314 ut
652 3252 818 3332 plebiscita
838 3255 1025 3315 uniuersum
1039 3254 1194 3333 populum

178 3494 224 3554 §t
251 3493 398 3556 usquead
421 3497 434 3541 8
459 3497 570 3542 4444444
588 3512 620 3534 ---
639 3492 697 3554 Dig.
719 3496 742 3556 4,
761 3496 785 3556 4,
805 3498 832 3554 9,
855 3494 897 3554 §⁴
922 3513 953 3534 =
972 3493 1035 3542 inst.
1061 3495 1084 3554 4,
1107 3494 1131 3553 4,
1151 3495 1160 3538 4
1183 3486 1193 3555 ΙΙ

109 3561 124 3623 5
143 3565 157 3609 3
183 3561 249 3611 inde
272 3561 307 3612 ab
331 3565 363 3611 44
383 3563 455 3623 plebs
477 3567 564 3612 cutem
580 3588 616 3596 -
634 3563 657 3625 4,
678 3564 691 3608 4
710 3563 891 3624 significantur
909 3559 979 3610 coni.
998 3560 1062 3608 lost.
1082 3562 1105 3622 4,
1125 3562 1148 3621 2,
1167 3561 1190 3606 4.

111 3698 234 3714 MANV*

180 3788 190 3833 4
216 3785 348 3834 rubricam
366 3785 463 3834 4444444
483 3781 521 3846 6²,
545 3785 610 3847 coos.
636 3783 707 3846 04411
738 3787 802 3830 4-4
822 3781 1032 3844 Omnes—quod
1051 3782 1112 3844 quis
1130 3795 1191 3842 sup-

106 3853 191 3913 pleuit
206 3852 336 3902 04444444
354 3866 388 3902 ec
400 3853 458 3916 Dtp.
478 3858 501 3903 44
519 3854 591 3917 lost,
610 3855 728 3915 quamuis
747 3853 829 3902 tribus
846 3851 964 3900 uersibus
980 3853 1008 3899 44
1027 3849 1192 3911 Compressu

110 3922 173 3971 4444
195 3923 347 3971 corbucio
369 3922 513 3986 4444444444,-
537 3923 602 3985 conf.
625 3921 679 3984 0411
705 3921 878 3984 tproprium
904 3918 935 3982 0,
959 3920 1100 3982 proprium
1124 3921 1191 3967 ciui·

110 3991 174 4040 tatis
198 3990 362 4054 1444444411
383 3994 397 4040 5
418 3992 534 4041 ciuitatis
556 3991 582 4055 G,
606 3992 691 4056 ipsius
714 3990 834 4039 ciuitatis
856 3988 1020 4051 1444444414
1042 3992 1055 4035 4
1075 3989 1191 4052 populos

112 4057 227 4122 04444,
251 4073 299 4110 om.
324 4059 580 4124 Di9.118populus
602 4059 628 4124 0,
652 4062 679 4109 44
700 4058 817 4122 populus
841 4056 978 4119 44441144
1001 4057 1096 4120 utitur]
1124 4057 1189 4120 coos.

113 4125 144 4176 04
164 4141 226 4190 pop.
245 4132 296 4178 444
317 4123 328 4192 ΙΙ
349 4129 405 4178 sint
430 4127 457 4188 0,
481 4133 546 4178 sunt
568 4129 629 4180 lost.
654 4125 664 4193 ΙΙ
688 4132 718 4178 48
742 4129 822 4177 etiam
847 4127 921 4190 lost,
945 4123 989 4176 et?
1016 4125 1043 4185 0,
1067 4126 1133 4188 conf.
1159 4125 1191 4176 C*

108 4209 171 4260 pap.
184 4198 236 4249 247
254 4210 321 4246 cers.
337 4203 368 4247 44
381 4193 390 4262 Η
403 4200 433 4246 44
454 4197 526 4261 quie]
546 4198 610 4260 conf.
634 4197 665 4249 0²
680 4192 866 4262 4442441144
890 4196 1081 4246 auctoritatem
1103 4196 1129 4248 0.

954 4297 986 4347 4*
