3084 4868
609 402 902 442 ··-·-XlV—

171 590 266 653 quam
289 571 405 632 iactum
421 571 525 632 adhuc
541 569 648 646 est¹⁸);
672 573 778 652 itaque
794 573 887 632 etiam
902 572 998 631 inuito
1014 570 1094 632 libro
1113 571 1215 633 Ciere
1231 572 1351 653 ubique

172 665 365 720 constantem
398 657 571 719 eorundem
597 653 825 718 uocabulorum
856 657 1107 740 orthographiam
1140 659 1171 718 in
1205 666 1353 720 contextu

170 745 374 806 restituimus.
421 745 456 804 In
488 743 563 804 locis
600 745 660 822 eis,
695 745 750 823 qui
782 745 842 804 nisi
875 742 986 804 audaci
1020 745 1197 804 coniectura
1229 747 1351 806 restitui

170 837 341 911 nequeunt,
366 831 450 891 etin
472 825 548 890 loeis
572 828 755 909 desperatis,
780 829 820 890 de
843 829 960 909 quibus
983 829 1060 889 nihil
1082 831 1142 890 nisi
1163 833 1300 892 incertae
1320 839 1352 890 et

171 935 251 997 quae
274 918 362 976 uario
385 915 477 976 modo
500 917 533 976 in
555 915 728 976 uerborum
758 917 937 976 Latinorum
965 918 1102 994 speciem
1129 916 1350 996 comprehendi

169 1004 290 1082 possint
322 1001 474 1082 reliquiae
502 1009 688 1080 supersunt,
722 1008 851 1080 propter
883 1002 1112 1082 typographum
1146 1021 1208 1063 non
1241 1020 1349 1062 omnes

169 1088 343 1148 litterarum
366 1089 469 1167 apices
493 1089 636 1148 omniaue
659 1087 773 1148 bacilla
796 1087 911 1147 inflexa
934 1094 965 1147 et
987 1089 1157 1166 incuruata,
1183 1091 1310 1169 quaein
1329 1089 1351 1147 0

169 1174 231 1254 legi
253 1192 346 1254 posse
369 1176 438 1235 uisa
461 1180 542 1251 sunt,
566 1175 647 1253 typis
671 1172 879 1234 describenda
896 1176 1086 1253 curauimuS,
1111 1173 1169 1235 sed
1189 1174 1350 1255 delegaui-

170 1278 241 1322 mus
271 1259 404 1322 lectores
435 1260 476 1320 ad
500 1259 537 1318 0⁹⁴
565 1257 655 1340 (conf.
680 1279 707 1320 e.
732 1279 759 1339 g.
783 1277 854 1338 pag.
879 1257 930 1336 76,
962 1258 1095 1338 to-rt,
1122 1261 1132 1320 i
1162 1261 1255 1322 huius
1283 1259 1349 1321 edi-

169 1348 260 1408 tionis
290 1353 346 1407 eto.
377 1342 461 1426 ete),
496 1345 701 1426 similiterque
729 1348 761 1406 iu
791 1344 965 1424 desperatis
992 1347 1175 1426 paginarum
1206 1345 1348 1426 pertibus

169 1429 280 1514 (ueluti
302 1434 333 1492 in
355 1434 459 1511 priore
481 1439 570 1511 parte
592 1434 724 1512 paginae
750 1431 825 1491 libri
849 1431 872 1490 C
894 1430 943 1509 lb)
973 1450 1034 1492 non
1066 1431 1290 1511 descripsimus
1317 1433 1348 1492 in

169 1518 342 1580 uerborum
370 1518 558 1580 Gaianorum
587 1524 734 1578 contextu
760 1519 820 1577 nisi
853 1535 906 1577 eas
936 1516 1068 1595 litteras,
1100 1535 1181 1598 quae
1211 1519 1348 1599 aliquam

170 1604 342 1666 uerborum
363 1604 530 1664 latinorum
554 1603 684 1664 formam
706 1603 856 1664 inducere
878 1621 972 1682 posse
994 1603 1189 1664 uiderentur.
1231 1625 1233 1632 ’

255 1691 364 1752 Nolam
391 1690 504 1751 codicis
528 1691 733 1769 Veronensis,
768 1691 848 1749 sicut
875 1707 972 1768 supra
998 1707 1067 1769 pag.
1091 1709 1108 1750 a
1132 1688 1282 1770 diximus,
1317 1691 1349 1750 in

169 1783 323 1856 apparatu
345 1778 449 1838 critico
473 1796 491 1836 a
511 1775 603 1836 nobis
626 1777 794 1855 composito
810 1774 969 1836 uoluimus
985 1792 1056 1835 esse
1074 1774 1253 1836 Clitteram.
1289 1775 1349 1837 Vbi

169 1865 289 1943 primae
311 1879 423 1923 manus
446 1859 504 1943 (0¹)
532 1863 686 1941 scriptura
715 1880 733 1922 a
761 1868 870 1922 uetere
900 1868 1073 1921 correctore
1103 1861 1273 1922 semidocto
1296 1859 1347 1942 (de

169 1968 232 2028 quo
256 1949 335 2010 conf.
355 1948 390 2007 Οει
405 1965 474 2028 pag.
490 1965 563 2008 xxix
578 1945 656 2029 seq.)
680 1947 873 2009 secernenda
896 1955 971 2026 erat,
995 1947 1079 2008 huno
1100 1954 1172 2007 nota
1186 1945 1223 2007 0²
1238 1947 1348 2008 distin·

170 2037 283 2096 ximus.
329 2034 406 2095 Nota
431 2036 468 2094 0¹²
491 2033 735 2115 significauimus
759 2035 945 2113 scripturam
967 2035 1000 2094 in
1024 2033 1047 2092 C
1067 2051 1129 2093 non
1150 2033 1253 2112 plenis
1268 2036 1347 2096 inte-

170 2123 298 2202 grisque
320 2119 430 2182 litteris
454 2119 598 2181 omnibus
620 2122 827 2199 perscriptam
850 2119 906 2180 sed
929 2137 1100 2199 perunum
1115 2118 1249 2198 pluraue
1264 2139 1348 2181 oom-

170 2207 285 2286 pendia
307 2208 589 2289 tachygraphorum
612 2208 801 2268 notariorum
824 2223 911 2266 more
934 2201 1169 2286 expressamw).
1217 2206 1267 2267 0²¹¹
1291 2209 1348 2288 igi-

169 2301 222 2354 tur
245 2293 397 2374 signifieat
419 2295 615 2372 scripturam,
645 2311 726 2372 quae
750 2311 767 2352 a
793 2292 829 2350 Οἳ
850 2294 892 2352 ita
913 2291 1053 2371 profecta
1075 2298 1132 2370 est,
1162 2299 1197 2352 ut
1218 2294 1286 2373 ipse
1312 2293 1348 2353 0²

172 2380 200 2458 (i.
232 2399 258 2442 e.
289 2378 404 2441 codicis
426 2380 614 2442 Veronensis
644 2385 799 2441 corrector
826 2380 929 2457 uetus)
958 2377 1141 2457 compendio
1174 2381 1347 2459 scripturae

170 2467 238 2526 siue
261 2473 334 2528 nota
357 2465 500 2527 sollemni
523 2471 673 2526 uteretur.
719 2464 1348 2546 Signuminterrogationisinapparatu

170 2553 275 2612 critico
308 2551 393 2613 idem
426 2552 601 2632 significare
642 2551 799 2612 noluimus
830 2555 924 2630 atque
959 2557 1011 2610 »ut
1035 2549 1192 2624 eidemq
1229 2552 1274 2610 sie
1307 2551 1348 2611 ad

170 2656 240 2718 pag.
257 2638 275 2697 3
292 2655 376 2699 uero.
402 2638 441 2698 l8
464 2639 522 2698 hoo
545 2639 670 2718 signum
691 2636 807 2698 indicat
828 2654 890 2696 non
912 2653 1041 2714 prorsus
1064 2641 1148 2695 certo
1172 2635 1231 2696 dici
1254 2654 1347 2715 posse

170 2727 202 2784 in
231 2722 254 2782 C
277 2723 355 2783 nihil
383 2725 443 2784 nisi
469 2730 498 2782 et
525 2722 597 2803 (non
624 2723 730 2784 addita
758 2720 886 2799 lineola,
917 2739 979 2799 qua
1005 2719 1234 2800 compendium·
1252 2724 1348 2801 serip-

170 2818 259 2869 turae
282 2808 483 2886 indicaretur)
512 2810 668 2887 extitisse,
705 2807 804 2868 uideri
831 2814 934 2866 tamen
956 2804 1032 2865 nihil
1054 2808 1113 2867 nisi
1136 2814 1163 2867 et
1184 2807 1229 2867 ihi
1251 2810 1348 2886 serip-

169 2901 236 2954 tum
259 2893 366 2954 fuisse.

255 2980 396 3059 Denique
412 2980 445 3039 in
464 2984 618 3058 apparatu
639 2980 742 3038 critico
765 2984 890 3057 praeter
914 2976 1153 3057 discrepantiam
1177 2980 1348 3057 scripturae

170 3064 243 3124 libri
273 3063 297 3125 C
323 3072 354 3125 et
387 3064 518 3125 selectas
550 3066 688 3125 uirorum
718 3065 880 3125 doctorum
908 3064 1100 3124 coniecturas
1134 3067 1348 3144 congessimus

170 3150 314 3231 plenius,
349 3168 444 3231 quam
467 3168 485 3210 a
506 3150 665 3229 prioribus
695 3148 868 3211 editoribus
891 3148 1007 3209 factum
1036 3157 1099 3228 est,
1134 3149 1347 3212 subsidiorum

171 3237 309 3316 illorum,
343 3236 382 3298 de
412 3236 528 3317 quibus
557 3254 652 3315 supra
680 3238 712 3296 in
738 3236 831 3296 huius
858 3235 1057 3315 praefationis
1088 3237 1172 3297 initio
1200 3237 1346 3316 diximus,

170 3323 319 3386 lectiones
348 3341 366 3382 a
391 3323 413 3381 0
439 3322 667 3402 discrepantes;
701 3331 795 3401 atque
824 3322 948 3402 Digesta
977 3321 1105 3401 quidem
1134 3321 1175 3382 ad
1205 3322 1348 3384 editionis

170 3411 439 3488 Mommsenianae‚
463 3410 674 3470 Institutiones
697 3409 857 3469 Iustiniani
885 3407 924 3470 ad
952 3406 1094 3468 editionis
1117 3409 1347 3488 Kruegerianae

240 3583 279 3644 18)
299 3583 438 3645 Scriptura
460 3582 599 3631 sollemnis
623 3589 649 3632 et
668 3585 694 3630 in
717 3582 812 3630 codice
834 3581 853 3632 C
871 3585 1027 3630 constanter
1044 3585 1151 3631 seruata
1168 3593 1257 3630 rortem
1273 3593 1347 3629 meo-

172 3652 222 3712 cipi
239 3656 266 3699 et
282 3664 329 3700 aee
340 3653 460 3715 mancipi,
479 3663 562 3714 quam
580 3653 658 3701 antea
677 3651 705 3700 in
721 3663 765 3700 res
782 3652 905 3712 mancipo·
923 3651 949 3700 et
966 3663 1013 3700 aee
1029 3651 1152 3711 mancipii
1169 3650 1345 3714 mutauimus,

171 3720 198 3766 in
217 3721 295 3769 tertia
313 3719 431 3769 editione
449 3721 571 3769 restitute
591 3721 639 3770 est.

241 3787 282 3850 ta)
301 3787 433 3838 Natarum
445 3801 512 3838 usus
525 3789 654 3852 ingenioli
670 3789 715 3839 uel
732 3787 880 3839 mediocris
898 3789 947 3852 est,
965 3788 1164 3837 exercitationis
1182 3790 1273 3836 tamen
1291 3800 1347 3836 ma·

170 3857 266 3906 rimae.
304 3857 397 3920 ltaque
422 3857 551 3920 quoniam
576 3871 629 3908 non
654 3871 762 3922 omnes,
787 3859 834 3922 qui
858 3858 909 3908 hae
932 3857 1051 3907 editione
1073 3857 1195 3920 utentur,
1221 3868 1346 3918 magnam

172 3925 247 3974 illam
273 3926 398 3975 notarum
418 3926 590 3976 sollemnium
613 3929 720 3992 copiam
743 3928 873 3977 memoria
891 3925 1032 3990 tenebunt,
1057 3926 1084 3974 in
1103 3926 1233 3990 apparatu
1251 3925 1346 3974 critico

171 3993 227 4043 iere
241 3995 397 4044 constanter
409 4007 458 4057 pro
477 3995 543 4058 ipsis
562 3996 666 4047 codicis
681 3995 701 4046 C
718 3995 789 4046 notis
807 3995 906 4046 harum
921 3994 1127 4057 explicationem
1146 3993 1271 4044 dedimus
1291 3993 1347 4057 (ad-

173 4063 229 4112 dito
246 4061 295 4111 ubi
312 4063 380 4112 utile
398 4064 489 4113 uisum
509 4066 549 4114 est
570 4064 605 4116 0ιι
622 4061 662 4131 [id
680 4066 721 4115 est
740 4064 777 4115 »G
791 4077 841 4126 per
858 4062 970 4126 ootom‹]
989 4061 1084 4127 signo).
1120 4063 1295 4112 accuratiora
1313 4063 1347 4112 de

172 4131 215 4182 his
239 4131 389 4194 scripturae
413 4133 595 4199 compendiis,
622 4134 723 4198 quibus
747 4133 817 4184 liber
843 4132 862 4183 C
885 4131 1017 4198 abundat,
1045 4133 1091 4196 qui
1116 4133 1186 4183 seire
1210 4131 1296 4197 uolet,
1323 4131 1347 4181 is

171 4199 250 4250 adeat
270 4198 302 4250 ΟΒ
320 4213 376 4264 pag.
391 4203 535 4250 lte—342.
