3190 4868
312 371 518 432 rusios-tce
690 405 775 414 -.
823 371 882 434 140
927 402 1012 414 ....

310 575 418 638 posse3
441 557 521 620 adeo
543 565 588 637 ut,
611 560 669 620 etsi
684 560 865 620 nominatim
887 560 916 620 ei
939 558 1007 620 dari
1029 557 1195 637 stipulatus
1214 558 1311 620 fuerit
1326 576 1397 620 ser-

311 664 372 706 uus
395 646 588 724 mancipiouc
608 645 732 705 nomine
754 647 822 707 eius
845 647 1009 725 acceperit,
1030 642 1191 726 liquidam
1217 646 1534 719 existimentpagm

240 731 389 797 totnihil
417 733 445 792 ei
475 730 608 810 adquiri.
653 730 857 794 Communem
886 749 1016 805 seruum
1043 749 1100 810 pro
1127 728 1281 792 dominica
1302 739 1395 810 parte

312 818 445 878 dominis
467 815 637 896 adquirere
659 824 780 878 certum
803 824 863 893 est3
894 824 1024 896 excepto
1048 835 1085 878 eo
1108 816 1194 897 quod
1217 818 1272 877 uni
1294 819 1396 877 nomi·

310 905 406 964 natim
430 901 606 982 stipulando
633 910 687 964 aut
715 905 868 982 mancipio
891 903 1072 982 accipiendo
1094 901 1141 963 illi
1163 903 1224 963 soli
1245 901 1418 983 adquirit,5

310 989 401 1050 uelut
415 1008 488 1049 oum
502 991 544 1050 ita
559 988 728 1068 stipuletur
749 1008 830 1050 rrrro
852 1007 967 1050 nouruo
990 1007 1049 1050 uso
1071 1007 1143 1048 naar
1166 986 1316 1050 secunus?
1339 997 1395 1050 aut

311 1095 383 1136 oum
405 1077 447 1136 ita
469 1077 622 1154 mancipio
646 1076 777 1154 accipiat
799 1094 875 1136 nanc
896 1094 953 1136 anu
972 1093 1393 1147 uxrrnnovtarrtvun.r1ru

310 1179 418 1222 norrun
445 1179 495 1221 auu
517 1180 583 1221 nsss
606 1179 656 1222 uo
679 1179 772 1233 neom
793 1181 823 1222 nr
845 1180 940 1222 surra
966 1179 1037 1221 asro
1060 1179 1118 1221 noo
1146 1180 1220 1221 man
1243 1179 1393 1233 rauracus

226 1251 407 1314 laveram.
453 1246 534 1308 illud
565 1249 742 1328 quaeritur,
775 1267 817 1308 co
847 1247 930 1328 quod
959 1246 1076 1308 domini
1097 1266 1212 1308 nomen
1235 1247 1393 1308 adiectum

310 1332 421 1412 efficit,
451 1332 536 1395 idem
563 1333 655 1394 faciat
685 1335 779 1394 unius
809 1353 850 1395 ex
876 1333 1009 1395 dominis
1036 1335 1160 1395 iussum
1181 1333 1434 1395 intercedensto

309 1421 408 1480 nostri
430 1427 652 1499 praeceptores
667 1419 801 1500 perinde
824 1422 853 1481 oi
869 1422 924 1500 qui
938 1421 1067 1480 iusserit
1089 1418 1148 1480 soli
1167 1419 1293 1499 adquiri
1308 1421 1392 1481 exis-

309 1508 430 1584 timant,
461 1513 555 1586 atque
583 1507 609 1566 si
636 1508 817 1566 nominatim
846 1508 875 1567 ei
897 1505 956 1568 soli
979 1505 1146 1585 stipulatus
1170 1513 1255 1566 esset
1277 1523 1393 1568 seruus

309 1593 504 1670 mancipioue
532 1594 711 1671 accepisset.
758 1591 904 1653 diuersae
932 1591 1057 1653 scholae
1086 1599 1230 1654 auctores
1257 1591 1391 1672 proinde

310 1679 454 1758 utrisque
477 1676 602 1758 adquiri
624 1684 745 1756 putant,
768 1696 804 1738 ac
827 1680 853 1739 si
875 1678 995 1739 nullius
1018 1679 1142 1740 iussum
1157 1680 1390 1740 interuenisset

239 1855 300 1915 468
394 1849 525 1910 Tollitur
547 1855 652 1910 autem
675 1848 822 1930 obligatio
844 1851 1015 1929 praecipue
1037 1848 1190 1910 solutione
1214 1851 1282 1911 eius
1305 1847 1435 1928 quodu

310 1933 452 1996 debetur.
502 1934 588 1996 unde
616 1937 794 2015 quaeritur,
830 1938 856 1996 si
890 1937 961 2016 quis
996 1937 1210 1997 consentiente
1237 1935 1392 1997 creditore

309 2020 396 2082 aliud
424 2039 482 2101 pro
509 2020 568 2081 alio
598 2021 741 2099 soluerit,
773 2029 880 2082 utrum
907 2023 975 2102 ipso
1007 2025 1076 2083 iure
1103 2021 1273 2101 liberetur,
1305 2021 1393 2101 quod

308 2108 422 2168 nostris
451 2106 709 2186 praeceptoribus
736 2107 867 2186 placuit,
902 2126 942 2168 an
968 2110 1037 2186 ipso
1064 2110 1134 2168 iure
1160 2116 1285 2169 maneat
1313 2106 1394 2168 obli-

309 2201 411 2274 gatus,
435 2194 491 2254 sed
513 2192 669 2255 aduersus
691 2201 851 2272 petentem
874 2196 1058 2273 exceptione
1082 2192 1145 2255 doli
1166 2193 1241 2254 mali
1264 2192 1394 2255 dolendi

311 2278 435 2358 debeat,
459 2277 546 2360 quod
569 2279 714 2340 diuersae
738 2279 863 2341 scholae
886 2279 1068 2342 auctoribus
1090 2281 1196 2340 uisum
1220 2288 1276 2341 est.
1403 2289 1434 2334 20

239 2370 299 2431 469
396 2367 470 2424 item
492 2383 550 2444 per
573 2365 840 2446 acceptilationem
862 2366 984 2427 tollitur
1006 2365 1162 2447 obligatio.
1198 2364 1392 2446 acceptilatio

310 2459 415 2512 autem
439 2458 486 2512 est
508 2451 611 2512 uelutt¹
632 2453 812 2533 imaginaria
836 2452 963 2530 soluti0;
992 2452 1078 2532 quod
1105 2453 1188 2514 enim
1214 2471 1255 2513 ex
1276 2451 1394 2514 uerbo·

309 2556 380 2598 rum
411 2537 599 2619 obligatione
626 2537 683 2599 tibi
714 2537 861 2617 debeam,
893 2538 926 2600 id
955 2540 982 2599 si
1008 2538 1089 2600 uelis
1117 2539 1193 2599 mihi
1221 2541 1391 2616 remittere,

309 2626 424 2702 poterit
446 2626 491 2685 sic
513 2624 590 2702 fieri,
615 2632 650 2685 ut
671 2626 799 2704 patiaris
820 2625 899 2686 haec
913 2619 1015 2686 uerba
1036 2621 1092 2706 ualle
1109 2624 1214 2686 dicere
1237 2643 1312 2696 oven
1334 2641 1528 2704 ncopag.tre

310 2729 369 2770 ruu
400 2728 533 2789 rnonrsr,
562 2729 689 2770 nannsun
716 2707 887 2771 aconrrvu?
924 2718 955 2772 et
987 2718 1023 2771 tu
1056 2709 1250 2791 respondeas
1285 2728 1434 2776 nauseat

312 2887 323 2897 v
329 2886 498 2902 ννΛΛΛΛΛΝΝΛ,

380 2974 462 3033 §tot
486 2986 572 3037 usquo
596 2974 630 3024 ad
654 2979 668 3023 t
694 2989 802 3022 arcuum
820 2995 851 3018 ==
871 2977 935 3024 lnst.
956 2979 983 3040 ³,
1007 2979 1051 3040 28,
1076 2977 1089 3021 ³
1113 2973 1125 3038 11
1148 2975 1163 3036 g
1184 2977 1231 3024 468
1250 2975 1392 3040 usquead

310 3044 342 3089 47
362 3043 469 3090 celauit
487 3042 556 3092 coni.
575 3044 640 3093 Inst.
661 3047 683 3104 8,
704 3046 735 3090 49
754 3056 794 3107 pr.
807 3043 846 3106 {15
864 3047 914 3094 469
933 3063 966 3088 =
985 3045 1047 3094 lnst.
1067 3046 1090 3108 t,
1110 3047 1150 3108 29,
1169 3047 1192 3092 4.

484 3177 1391 3194 ἏΝΝΜΝΑΝΝΛΝΨΝΝΜΝΨΜὟἏᾹΛΝΨΜΜΝἎΛΛΜΛΛΝἫΜ

502 3222 513 3254 b

380 3292 395 3338 2
427 3291 599 3354 mancipiouo
631 3291 772 3354 Goescbeo,
806 3294 992 3357 mancipiouel
1024 3293 1043 3344 C
1071 3292 1082 3355 ΙΙ
1112 3294 1222 3342 nomine
1254 3292 1392 3356 Gocscbcn,

310 3372 411 3408 nomen
443 3357 462 3409 G
489 3358 501 3422 ΙΙ
530 3359 686 3410 existiment
717 3359 857 3426 Goescltcn,
887 3363 1043 3413 existimant
1067 3361 1086 3412 C
1114 3361 1125 3424 ΙΙ
1155 3365 1169 3409 3
1193 3361 1301 3424 adquiri
1327 3360 1393 3411 Goe-

309 3428 398 3492 scleo,
433 3429 531 3493 adquri
564 3427 583 3478 C
611 3428 622 3492 ΙΙ
652 3433 666 3478 t
697 3429 851 3493 stipulando
885 3435 933 3480 aut
965 3432 1103 3495 mancipio
1136 3429 1295 3494 accipiendo
1327 3429 1392 3480 Goe-

309 3498 399 3560 scbcc,
435 3497 591 3562 stipulando
626 3497 672 3547 uel
702 3499 895 3562 mancipiando
925 3503 973 3549 aut
1001 3500 1139 3564 mancipio
1174 3498 1334 3564 accipiendo
1366 3496 1392 3561 0,

310 3565 466 3628 stipulando
493 3569 539 3616 aut
568 3579 618 3630 per
647 3566 820 3617 traditionem
851 3568 1010 3632 accipiendo
1041 3569 1102 3618 lost.
1131 3568 1143 3632 11
1172 3568 1292 3630 adquirit
1321 3567 1392 3628 lost,

309 3634 466 3697 adquiritur
495 3634 514 3686 0
543 3635 554 3698 ΙΙ
585 3639 599 3684 6
631 3636 710 3685 uelut
738 3635 769 3700 C,
800 3636 886 3686 ueluti
914 3638 975 3687 lost.
1005 3637 1016 3700 ΙΙ
1044 3637 1103 3687 dari
1133 3636 1165 3700 G,
1197 3637 1262 3686 dare
1295 3636 1356 3684 lost.
1383 3633 1393 3700 ΙΙ

310 3705 324 3750 8
354 3716 488 3762 sannaovn
521 3704 661 3767 Gocscbcn,
692 3705 865 3767 ieneaquet'
893 3704 905 3770 ΙΙ
934 3710 949 3755 9
980 3719 1014 3755 an
1045 3704 1119 3769 quod
1150 3705 1292 3768 Goescbeo,
1322 3706 1392 3754 tam·

309 3785 391 3834 quam
421 3771 468 3838 Cu,
499 3773 565 3835 cons.
592 3772 623 3822 (2⁸
642 3786 704 3837 paq.
728 3777 779 3826 294
801 3787 869 3823 cers.
899 3779 935 3825 56
962 3773 974 3837 ῃ
1004 3774 1108 3824 domini
1131 3787 1165 3823 eor
1195 3773 1307 3823 domino
1336 3786 1392 3822 cor-

308 3846 407 3890 rectum
436 3842 456 3893 0
485 3841 496 3905 ΙΙ
527 3845 557 3891 to
588 3840 674 3892 elficit
702 3841 844 3907 Goesclteo,
873 3842 978 3892 domini
1007 3841 1098 3892 ettecit
1130 3843 1150 3894 C
1178 3841 1189 3905 u
1219 3845 1246 3890 44
1277 3841 1393 3905 perinde

313 3907 361 3968 0¹¹,
389 3910 455 3973 coos.
479 3915 566 3960 tameo
591 3910 623 3961 0²
642 3923 703 3973 pop.
725 3915 777 3963 286
799 3911 810 3974 ΙΙ
836 3914 865 3960 43
891 3912 1036 3974 accipisset
1060 3910 1080 3961 C
1101 3911 1113 3974 ΙΙ
1138 3914 1169 3962 tt
1199 3911 1302 3960 nullius
1328 3910 1393 3961 Goo-

309 3978 397 4042 solen,
421 3979 506 4029 nullis
531 3978 550 4028 C
572 3979 583 4041 ΙΙ
608 3981 639 4028 48
665 3978 873 4044 delectarunt,
899 3979 1033 4030 debeatur
1053 3979 1072 4030 C
1094 3980 1107 4044 ΙΙ
1131 3985 1162 4030 48
1187 3981 1289 4045 placuit
1306 3979 1393 4029 Loch-

309 4057 402 4109 mcoc,
437 4047 528 4112 placet
562 4048 582 4098 G
610 4047 621 4110 ΙΙ
651 4049 679 4096 at
714 4049 779 4096 item
812 4049 887 4111 lost,
924 4047 954 4097 iit
988 4048 1008 4100 G
1040 4049 1051 4112 11
1084 4053 1184 4099 at—aa
1220 4049 1392 4111 acceptilatio

310 4115 401 4244 ἓὲξὲιξ
415 4119 466 4230 Ccust
488 4116 596 4165 uelutiti
617 4115 663 4179 θη,
690 4118 841 4166 astantem
860 4118 1032 4182 acceptiltaio
1052 4119 1113 4169 lust.
1137 4118 1148 4181 ΙΙ
1173 4119 1204 4166 at
1228 4116 1302 4182 quod
1321 4118 1391 4179 lost,
