3190 4868
568 423 653 434 ...-
699 390 759 452 137
803 426 889 434 —-
1061 389 1267 450 instat-tao

185 595 247 638 non
271 579 453 656 captauerit,
478 576 645 657 adipsum
669 577 770 640 solum
792 581 937 658 pertinet.
974 579 1050 640 mihi
1064 596 1151 657 uero,
1176 577 1268 658 quid-

186 661 264 743 quid
292 665 417 724 omnino
445 671 517 742 post
542 667 752 726 renuntiatam
779 668 959 727 societatem
986 663 1175 745 adquiritur,
1209 663 1268 724 soli

114 749 175 810 452
185 747 376 810 conceditur.
415 749 555 811 Saluitur
578 750 682 812 adhuc
704 753 836 813 societas
859 753 951 812 etiam
972 757 1071 812 morte
1087 752 1169 830 socii,
1194 752 1268 830 quia

114 835 240 915 l53qui
263 837 442 898 societatem
466 837 618 897 contrahit
640 845 757 899 certam
779 855 947 918 personam
970 836 1031 898 sibi
1054 835 1147 917 eligit.
1189 837 1269 897 Ilici-

184 930 237 982 tur
265 922 357 982 etiam
380 923 488 1001 capitis
513 921 725 985 deminutione
753 923 834 984 solui
862 926 1055 1002 societatem,
1084 924 1158 1002 quia
1185 921 1291 983 ciuilis

184 1008 304 1068 ratione
334 1009 442 1089 capitis
471 1007 642 1070 deminutio
669 1011 760 1070 morti
788 1016 992 1090 coaequatum
1021 1007 1078 1070 sed
1110 1010 1219 1089 utique
1243 1009 1268 1069 si

185 1093 289 1154 adhuc
311 1096 505 1154 consentiant
526 1097 558 1154 in
582 1097 773 1174 societatem,
803 1113 885 1156 noua
907 1094 1035 1156 uidetur
1056 1097 1195 1174 incipere
1219 1113 1268 1155 so-

117 1178 290 1240 lhloietus.
334 1180 410 1240 ltem
439 1183 465 1242 si
494 1183 583 1242 cuius
607 1201 647 1242 ex
670 1183 760 1243 sociis
783 1181 866 1242 bona
888 1180 1016 1260 publice
1034 1189 1099 1241 aut
1121 1183 1267 1260 priuatim

55 1266 58 1271 ’
184 1265 350 1343 uenierint,
375 1265 509 1328 soluitur
532 1271 672 1329 societas.
713 1266 770 1328 sed
792 1267 871 1328 hacc
886 1285 1014 1347 quoque
1036 1262 1045 1346 11
1060 1267 1201 1344 societas,
1227 1265 1267 1327 de
1276 1287 1335 1339 pag.
1349 1278 1398 1325 toa

184 1369 248 1432 qua
270 1350 439 1431 loquimur,
463 1352 495 1412 id
517 1361 566 1414 est
588 1371 670 1435 quae
693 1371 850 1415 consensu
865 1354 1058 1414 contrahitur
1073 1351 1170 1431 nudo,
1191 1354 1307 1414 iuristo

184 1438 325 1518 gentium
352 1445 415 1516 cst,
443 1440 549 1518 itaque
577 1441 660 1500 inter
686 1458 794 1500 omnes
820 1440 962 1500 homines
992 1437 1125 1500 naturali
1147 1439 1266 1498 ratione

184 1525 332 1584 consistit.
1093 1575 1095 1582 ,

116 1609 175 1668 tes
270 1607 449 1670 llandatum
472 1612 625 1689 consistit,
649 1612 717 1672 siue
739 1618 846 1671 nostra
869 1613 967 1692 gratia
989 1609 1175 1672 mandemus
1199 1612 1267 1671 siue

185 1693 295 1756 aliena.
342 1696 449 1775 itaque
472 1697 540 1757 siue
565 1705 599 1758 ut
620 1715 690 1758 mea
712 1700 837 1777 negotia
859 1715 960 1777 geras,
985 1699 1053 1758 siue
1075 1703 1112 1757 ut
1126 1695 1266 1774 alterius,

183 1780 416 1860 mandauerim,
441 1783 633 1843 contrabitur
648 1783 786 1844 mandati
809 1783 967 1864 obligatio,
992 1789 1024 1844 ct
1038 1784 1173 1844 inuicem
1189 1782 1308 1844 alteras

183 1865 275 1928 alteri
296 1867 476 1928 tenebimur
498 1870 530 1928 t'u
552 1869 597 1948 444,
626 1869 712 1950 quod
733 1868 786 1930 uel
808 1888 858 1930 me
880 1869 938 1930 tibi
959 1869 1014 1930 uel
1035 1877 1066 1930 te
1089 1869 1164 1929 mihi
1185 1867 1268 1930 bona

117 1952 174 2012 456
184 1951 247 2014 fide
276 1961 438 2032 praestare
467 1962 597 2034 oportet.
650 1957 727 2016 Nam
757 1957 784 2016 si
812 1963 866 2015 tua
892 1957 991 2036 gratia
1016 1955 1074 2016 tibi
1109 1954 1266 2033 mandem,
1298 1958 1300 1962 ’

185 2057 421 2118 superuacuum
444 2047 492 2101 est
513 2040 710 2116 mandatum,
734 2041 821 2122 quod
844 2043 926 2102 enim
948 2048 984 2103 tu
1005 2048 1059 2102 tua
1083 2044 1181 2122 gratia
1204 2042 1268 2102 lac-

184 2133 275 2186 turus
299 2128 351 2204 sis,
375 2125 409 2186 id
433 2125 472 2186 de
494 2135 549 2188 tua
572 2130 734 2206 sententia,
758 2145 821 2188 non
844 2147 884 2188 ex
905 2146 976 2188 meo
999 2127 1149 2188 mandatu
1164 2127 1267 2188 facere

185 2210 295 2273 debes
333 2214 439 2292 itaque
463 2214 489 2274 si
513 2216 642 2274 otiosam
664 2215 830 2293 pecuniam
854 2212 938 2274 domi
960 2221 989 2274 44
1010 2213 1180 2274 habentem
1195 2214 1307 2274 hor-aa

184 2304 267 2358 tatus
290 2297 413 2376 fuerim,
437 2307 473 2358 ut
495 2318 564 2360 eam
587 2300 781 2379 faenerares,
813 2301 958 2379 quamuis
981 2317 1047 2360 eam
1075 2301 1103 2360 ei
1125 2307 1267 2363 mutuam

186 2383 328 2463 dederis,
359 2401 377 2444 a
406 2402 468 2464 quo
497 2403 626 2446 seruare
656 2404 718 2446 non
741 2387 894 2464 potueris,
922 2404 984 2445 non
1007 2392 1112 2446 tamen
1134 2384 1267 2446 habebis

184 2487 309 2531 mecum
335 2471 476 2530 mandati
502 2475 664 2532 actionem.
710 2473 784 2532 item
815 2473 841 2532 si
869 2472 1011 2532 hortatus
1040 2473 1111 2549 sim,
1145 2477 1179 2530 ut
1204 2488 1267 2529 reru

185 2555 325 2636 aliquam
348 2575 485 2636 emeres,
515 2559 660 2638 quamuis
686 2577 749 2619 non
773 2556 948 2636 expedierit
970 2556 1027 2617 tibi
1050 2574 1119 2616 eam
1142 2558 1265 2634 emisse,

183 2659 246 2702 non
275 2649 381 2702 tamen
408 2643 465 2704 tihi
494 2643 633 2705 mandati
660 2643 797 2705 tenebor.
848 2651 879 2704 ct
906 2642 985 2704 adeo
1012 2643 1091 2704 haec
1118 2643 1160 2702 ita
1183 2650 1307 2720 suntne

191 2826 1266 2848 &mxxxmmvwxwmxwwvwxwwmwvxxxvmxwwwvm

252 2916 336 2977 §⁴52
355 2934 388 2960 a
407 2917 471 2966 lust.
491 2920 515 2980 a,
534 2920 579 2981 25,
600 2921 613 2966 5
635 2917 646 2980 11
666 2918 681 2978 5
702 2921 749 2967 443
768 2914 833 2967 inde
852 2916 886 2966 ah
906 2920 920 2965 6
939 2918 962 2966 si
980 2935 1011 2959 =
1030 2917 1094 2966 lnst.
1114 2919 1141 2980 ³,
1161 2918 1206 2980 25,
1226 2912 1259 2978 811

185 2983 200 3044 ξ
218 2987 268 3032 456
287 2985 352 3034 inde
370 2984 405 3034 ab
425 2989 456 3034 24
475 2988 561 3047 itaque
578 2998 668 3049 usqua
686 2985 720 3035 ed
739 2989 766 3034 24
788 2986 884 3048 fuerim
902 2985 1010 3036 atinde
1033 2984 1068 3035 ab
1088 2989 1119 3034 25
1138 2991 1162 3036 44
1178 2998 1268 3048 usque

185 3052 219 3102 ad
237 3065 298 3117 pag.
317 3056 377 3117 4448,
397 3057 411 3102 2
429 3054 581 3116 1444444444
600 3058 627 3105 et
644 3054 708 3104 inde
727 3053 762 3104 ab
780 3058 838 3118 448,
858 3058 872 3103 4
891 3055 1086 3116 quta=1nst
1106 3058 1129 3118 4,
1149 3057 1189 3118 24,
1210 3057 1231 3102 6.

185 3188 235 3203 ᾺΝ

253 3314 263 3359 4
287 3311 450 3374 4444414444,
474 3324 541 3360 uero
566 3325 599 3360 44
622 3312 683 3360 uiro
705 3308 866 3361 correctum?
893 3311 927 3362 cn
948 3310 959 3374 ll
982 3315 995 3360 t
1019 3313 1177 3361 societatem
1197 3311 1266 3374 lust,

184 3380 315 3430 societate
330 3377 370 3442 011
392 3383 475 3428 9-44
495 3381 529 3428 ud
546 3381 614 3429 huuc
631 3381 715 3430 locum
733 3382 921 3430 emcudoudum
938 3380 1012 3442 (cous.
1029 3380 1080 3441 0⁸⁸)
1099 3393 1151 3430 uou
1165 3392 1267 3441 14444444

182 3453 272 3509 pateat
293 3450 363 3498 uiuo.
405 3449 525 3498 Fortasse
546 3454 655 3510 propter
677 3450 892 3498 homoeoteleuton
914 3451 1041 3498 uouuullu
1069 3449 1265 3498 interciderunt:

185 3517 234 3567 sad
245 3517 314 3567 haec
327 3530 436 3580 quoque
447 3514 793 3582 <societas-w>
805 3521 920 3567 societas
933 3518 967 3566 de
980 3531 1033 3580 qua
1046 3519 1184 3580 loquimur
1202 3519 1265 3578 ctc.;

186 3591 262 3635 444444
280 3588 348 3635 euim
366 3589 410 3647 qut
428 3590 562 3646 eupecteut
579 3588 655 3637 talio:
679 3587 746 3636 huuc
768 3599 865 3646 quoque
889 3589 1034 3636 sociotatem
1055 3598 1123 3634 uouc
1141 3597 1267 3633 couseusu

185 3656 359 3717 redtuteqrori
379 3667 467 3719 posse,
492 3656 583 3704 44444444
605 3659 750 3705 societatem
771 3658 917 3718 priuatum,
945 3656 975 3703 444
1002 3668 1053 3715 quc
1079 3655 1149 3714 opud
1173 3652 1267 3702 Guium

186 3725 285 3787 4444444,
309 3726 453 3785 oppositum
470 3737 525 3772 esse
542 3725 705 3774 societatibus
719 3725 929 3787 publicanorum,
953 3736 1019 3784 quoe
1040 3736 1121 3783 oeque
1143 3734 1267 3771 couseusu

186 3793 255 3841 4444444
273 3794 462 3842 contrahuntur
479 3806 560 3854 4444444
579 3795 941 3855 adpueqrtuospertiucout
958 3793 968 3852 11
991 3795 1087 3840 44-44
1113 3791 1184 3852 juris
1203 3803 1266 3853 gen·

186 3861 254 3910 tium
283 3860 391 3924 44444444,
424 3859 668 3924 iuriscogentium?
698 3860 717 3911 C
741 3860 752 3924 11
776 3864 807 3908 46
835 3863 863 3910 in
890 3861 918 3910 id
945 3860 1073 3924 Huschke,
1103 3859 1131 3909 id
1162 3861 1189 3908 in
1219 3857 1267 3924 011

187 3931 217 3977 44
238 3932 345 3994 41444444
366 3929 507 3992 4444444444,
526 3933 652 3995 oportere
673 3929 692 3979 C
712 3929 722 3990 11
744 3933 775 3976 24
795 3932 822 3978 te
839 3928 986 3978 habentem
1006 3930 1079 3992 lust,
1098 3931 1162 3978 tuac
1180 3927 1267 3978 aben-

186 4001 240 4047 tem
265 3997 286 4048 G
307 3997 318 4060 11
342 4002 370 4047 24
398 4000 524 4061 quamuis
546 4013 607 4048 eam
633 3999 773 4061 Goescheu,
801 4000 893 4061 quiam
920 3997 950 4062 G,
978 3998 1045 4060 cous.
1078 3996 1109 4047 0⁸
1130 4011 1191 4060 1444.
1215 4000 1266 4049 247

185 4079 253 4116 uera.
275 4073 310 4120 24
333 4066 344 4128 11
369 4071 400 4116 22
424 4069 545 4131 potueris
570 4082 604 4118 eu
628 4068 745 4133 potuerit
766 4068 808 4117 uel
835 4081 869 4117 44
896 4067 1020 4131 potueric
1046 4072 1190 4117 correctum
1216 4065 1236 4118 G
1257 4063 1267 4134 11

188 4137 217 4182 23
238 4137 260 4186 si
283 4135 314 4198 C,
335 4137 358 4185 si
377 4132 426 4200 1441
444 4137 561 4186 Huschke
584 4136 595 4199 11
619 4139 651 4184 24
671 4138 797 4200 quamuis
818 4136 960 4201 Goescheu,
985 4151 1001 4201 q
1023 4135 1053 4202 c,
1072 4136 1137 4198 44441.
1159 4134 1265 4198 4141444.

187 4205 236 4254 297
254 4217 323 4254 uers.
342 4210 376 4257 24
398 4203 409 4267 11
431 4208 462 4254 25
481 4204 597 4256 tenebor
617 4205 758 4269 Goeschcu,
777 4208 864 4256 teneri
886 4204 911 4256 C.
