3190 4868
550 359 635 368 ....
681 326 742 388 129
785 361 869 372 ...-
1040 327 1251 388 rusum-raa

172 515 332 594 sponsoris
356 521 387 574 et
408 512 670 593 fidepromissoris
693 515 786 576 heres
815 534 877 576 non
903 521 1040 594 tenetur,
1069 517 1128 577 nisi
1157 519 1183 577 si
1211 514 1252 577 de

170 602 339 681 peregrino
366 600 621 678 fidepromissore
649 618 852 681 quaeramus,
886 609 917 662 et
950 601 1009 662 alio
1039 603 1109 663 iure
1143 604 1252 663 ciuitas

101 689 239 751 latoius
265 693 377 746 utatur.
421 684 615 748 fideiussoris
638 695 742 748 autam
765 691 858 748 etiam
887 688 980 749 heres
1002 695 1136 748 tenetur.
1175 689 1253 750 ltem

172 791 306 853 sponsor
328 779 360 833 et
382 771 618 851 fidepromissor
640 773 708 854 lege
730 775 824 834 Furia
850 774 977 835 biennio
1004 773 1194 853 liberantur,
1224 781 1256 834 et

172 865 328 940 quotquot
349 866 443 919 erunt
463 877 596 920 numero
619 879 656 920 eo
678 869 834 940 tempore,
864 879 927 940 quo
956 862 1091 940 pecunia
1112 862 1178 939 peti
1199 873 1278 940 po-a

170 953 248 1025 test,
279 947 311 1005 in
337 951 383 1005 tot
410 952 516 1024 partes
544 944 705 1007 diducitur
729 947 811 1007 inter
839 965 892 1007 eos
916 945 1063 1027 obligatio
1086 953 1118 1007 et
1140 944 1256 1026 singuli

172 1027 235 1114 (in)
263 1029 374 1092 uiriles
401 1038 507 1110 partes
534 1030 715 1113 obliquatur.
763 1031 966 1094 fideiussores
993 1049 1071 1092 uero
1100 1038 1255 1111 perpetuo

171 1124 333 1196 tenentur,
364 1123 395 1178 et
424 1124 579 1198 quotquot
606 1125 699 1179 erunt
727 1135 872 1196 numero,
908 1117 1024 1198 singuli
1057 1119 1089 1178 in
1119 1116 1256 1180 solidum

169 1201 179 1287 11
191 1203 380 1284 obligantur.
426 1205 533 1283 itaque
556 1203 692 1266 liberum
715 1210 764 1265 est
785 1203 932 1266 creditori
955 1221 973 1263 a
996 1223 1059 1284 quo
1082 1204 1161 1265 uelit
1182 1203 1380 1277 soli-pagias

171 1290 249 1350 dum
271 1297 389 1369 petere.
435 1289 494 1350 sed
515 1308 599 1350 nunc
622 1309 662 1351 ex
685 1290 819 1370 epistula
849 1289 915 1351 diui
938 1289 1091 1350 Hadriani
1110 1288 1295 1369 conpelli-to

171 1389 222 1436 tur
256 1375 394 1436 creditor
426 1393 444 1435 a
477 1375 609 1456 singulis
651 1378 706 1457 qui
739 1377 832 1438 modo
865 1375 1020 1437 soluendo
1060 1377 1122 1436 sint
1153 1382 1255 1455 parics

170 1469 289 1542 patere.
335 1480 372 1522 eo
400 1462 495 1542 igitur
521 1462 615 1523 distat
637 1463 715 1524 haec
738 1462 873 1541 epistula
896 1481 914 1522 a
940 1462 1011 1542 lege
1034 1463 1139 1540 Furia,
1168 1460 1255 1541 quod

171 1551 198 1609 si
221 1550 292 1628 quis
316 1566 357 1608 ex
379 1547 586 1626 sponsoribus
609 1555 663 1609 aut
684 1547 994 1628 fidepromissoribus
1018 1546 1172 1609 soluendo
1191 1565 1254 1607 non

171 1637 219 1714 sit,
243 1634 303 1695 hoc
325 1651 404 1694 onus
428 1633 468 1694 ad
492 1631 619 1716 <ceteros
640 1653 701 1695 eoo
713 1637 860 1714 pertinet·
886 1633 939 1695 sed
961 1652 1003 1694 ecc
1023 1631 1254 1712 fideiussoribus

169 1722 228 1781 etsi
247 1737 330 1780 unus
353 1720 472 1780 tantum
487 1718 630 1781 soluendo
645 1721 695 1796 ait,
719 1719 760 1780 cd
773 1718 855 1781 bunc
870 1716 962 1801 onus>
984 1727 1160 1781 ceterorum
1176 1737 1254 1798 quo·
1264 1731 1296 1778 ts

90 1807 235 1887 l2l⁸que
261 1806 407 1886 pertinet.
453 1804 516 1868 Sed
545 1825 617 1867 cum
648 1807 701 1868 lex
722 1807 815 1868 Furia
843 1813 964 1867 tantum
986 1807 1018 1866 in
1041 1804 1126 1866 ltalia
1149 1804 1254 1864 locum

170 1893 300 1972 babeat,
331 1892 438 1952 euenit
463 1898 499 1952 ut
525 1893 558 1952 in
584 1895 700 1953 ceteris
725 1894 897 1972 prouinciis
927 1909 1096 1971 sponsores
1126 1909 1253 1972 quoque

171 1989 203 2040 et
225 1977 496 2058 lidepromissores
519 1978 652 2057 proinde
675 1997 711 2039 ac
733 1978 936 2040 fideiussores
953 1985 1111 2058 perpetuo
1126 1985 1255 2038 tenean-

170 2073 224 2126 tur
247 2072 279 2126 et
301 2063 415 2146 singuli
436 2066 468 2124 in
491 2063 624 2125 solidum
647 2064 840 2146 obligentur,
871 2066 932 2125 nisi
961 2083 1001 2125 ex
1029 2063 1165 2142 epistula
1188 2061 1254 2123 diui

105 2150 321 2213 l22lladriani
349 2150 382 2210 hi
409 2167 532 2230 quoquc
557 2150 749 2212 adiuuentor
776 2152 808 2210 in
838 2158 937 2229 parte.
983 2151 1146 2210 Praeterea
1172 2149 1295 2209 interro

171 2254 342 2316 sponsores
365 2241 397 2296 et
418 2235 689 2316 fidepromissores
714 2235 767 2297 lex
788 2234 942 2315 Appuleia
972 2234 1131 2315 quandam
1159 2235 1254 2295 socie-

170 2331 268 2385 tatem
297 2321 479 2383 introduxit.
527 2341 600 2382 nam
628 2325 653 2384 si
680 2324 751 2404 quis
779 2323 892 2383 horum
921 2321 995 2401 plus
1025 2338 1083 2382 sua
1109 2321 1252 2399 portione

172 2410 317 2487 soluerit,
355 2407 395 2469 de
431 2427 467 2469 eo
500 2409 586 2490 quod
617 2409 751 2488 amplius
785 2407 909 2469 dederit
942 2406 1097 2468 aduersus
1131 2412 1252 2466 ceteros

172 2497 309 2557 actiones
336 2496 502 2555 constituit.
547 2513 628 2575 quae
655 2495 709 2556 lex
737 2501 808 2556 ante
838 2493 941 2574 legem
963 2493 1086 2553 Furiam
1108 2489 1172 2551 lata
1194 2497 1252 2568 est,

172 2601 235 2663 quo
258 2588 400 2660 tempore
422 2582 453 2641 in
477 2580 613 2642 solidum
636 2580 865 2661 obligabantur.
909 2578 994 2639 unde
1017 2579 1189 2657 quaeritur,
1213 2590 1294 2637 anae

171 2675 244 2748 post
265 2667 369 2748 legem
384 2668 508 2727 Furiam
530 2667 635 2728 adhuc
652 2667 731 2748 legis
747 2666 921 2746 Appuleiae
936 2664 1126 2726 beneficium
1142 2681 1254 2742 super-

173 2756 220 2815 sit.
259 2761 291 2814 et
305 2754 416 2834 utique
432 2760 520 2813 extra
534 2753 656 2814 Italiam
672 2760 826 2832 superest.
861 2770 934 2814 nam
949 2750 1002 2812 lex
1017 2748 1145 2830 quidem
1161 2750 1254 2811 Furia

171 2847 292 2901 tantum
314 2841 347 2899 in
369 2837 456 2899 ltalia
479 2838 576 2919 ualet,
600 2837 755 2920 Appuleia
777 2857 855 2900 uero
879 2840 970 2900 etiam
993 2838 1024 2897 in
1048 2837 1159 2898 ceteris
1181 2853 1254 2914 pro-

172 2927 293 2987 uinciis.
332 2923 390 2986 sed
413 2943 452 2986 an
475 2927 567 2986 etiam
583 2922 963 3006 <io>1talicbenefioium
981 2922 1061 3003 legis
1077 2919 1252 3001 Appuleiae

174 3013 320 3092 supersit,
342 3010 438 3072 ualde
462 3012 634 3091 quaeritur.
678 3010 720 3072 cd
741 3010 936 3090 fideiussores
956 3015 1056 3070 cutem
1077 3008 1130 3069 leco
1145 3005 1293 3088 Appu-at

172 3136 841 3236 mm
855 3177 944 3234 pctore
962 3189 994 3214 π
1012 3171 1077 3220 Inst.
1097 3172 1121 3232 ³,
1139 3173 1181 3232 tt,
1201 3171 1224 3220 t.

242 3319 443 3370 sfldeiussoris
465 3331 499 3368 cc
520 3315 704 3368 fidesiussoris
724 3323 869 3368 correctam
892 3315 941 3380 01
963 3317 977 3364 t
1000 3315 1059 3376 lege
1082 3314 1159 3363 Furia
1185 3312 1252 3362 Goe-

173 3391 256 3450 scban,
274 3387 419 3452 lagiariam
439 3386 509 3450 0116
528 3385 676 3450 diducitur]
696 3386 843 3437 deducitur
863 3384 908 3448 011
926 3390 938 3434 7
958 3385 987 3433 in
1003 3384 1102 3432 addidit
1114 3381 1231 3431 Huschke
1241 3377 1252 3445 11

173 3458 328 3521 obligantur
350 3457 487 3519 Boeclcinp,
514 3456 683 3506 hocabentur
708 3455 728 3507 G
749 3455 761 3519 1
785 3460 800 3504 6
825 3455 909 3504 uerbo
934 3456 961 3502 et
986 3452 1086 3514 singuli
1107 3453 1158 3498 -7
1182 3449 1252 3499 obli·

173 3531 270 3590 gantur
300 3527 365 3576 delet
395 3527 525 3575 Polcnccr
551 3525 562 3586 11
604 3528 618 3573 9
653 3524 810 3587 obligantur
842 3521 872 3587 0,
904 3525 1032 3572 tenentur
1064 3520 1125 3569 lest.
1155 3519 1166 3580 11
1200 3522 1251 3566 t-

175 3599 205 3646 tt
232 3597 363 3658 suppleuit
386 3594 515 3645 Gocscben
539 3607 573 3644 ec
600 3595 661 3644 inst.
686 3593 697 3654 11
721 3597 748 3642 tt
780 3592 836 3642 sint
861 3591 892 3655 0,
919 3591 974 3641 sint
1000 3589 1055 3638 litis
1082 3587 1251 3638 contestatae

172 3667 295 3730 tempore
322 3665 384 3713 lost.
407 3662 419 3727 1
443 3665 542 3712 11-45
569 3659 601 3729 <>
627 3663 738 3724 cacentpli
763 3663 851 3723 pratia
878 3661 977 3708 addidit
1000 3659 1156 3716 dictamno,-
1184 3656 1252 3704 alios

170 3735 308 3800 ,suspendi
329 3737 388 3782 cios
407 3737 500 3795 potere
522 3737 723 3782 consentaneam
745 3728 809 3791 crtss
826 3731 857 3777 17
882 3725 997 3790 cetetris)
1023 3723 1053 3789 0,
1078 3724 1144 3786 conf.
1170 3723 1251 3773 Gaius

173 3806 197 3864 5,
217 3807 266 3857 tta
277 3804 342 3852 cred.
362 3801 441 3863 (infra
458 3813 526 3851 aare.
546 3800 598 3864 28);
622 3801 666 3850 ssd
682 3799 795 3862 sortasse
811 3801 921 3858 utroque
939 3797 992 3845 loco
1011 3794 1109 3844 ceteris
1132 3806 1166 3842 ccc
1183 3791 1251 3854 [cleo

172 3873 324 3933 clossemcte
340 3869 513 3934 irrepsitllts
531 3869 673 3934 perpetuo]
692 3869 720 3917 in
739 3867 870 3931 perpetuo
884 3865 904 3916 0
919 3865 930 3928 11
947 3868 978 3913 20
998 3874 1107 3928 quoqne
1125 3860 1250 3924 Huschke,

174 3938 225 4005 q‘fi?
244 3941 268 4003 (i.
288 3954 308 3990 c.
328 3935 474 4003 quocum?)
500 3937 726 4003 Ouadiuuentur
748 3937 774 3985 in
797 3936 874 4000 parte
890 3946 949 3984 cum
970 3931 1059 3983 Gnoa
1079 3933 1135 4002 siae
1151 3931 1251 3980 debita·

174 4013 240 4060 tione
260 4011 387 4070 scriptum
410 4012 448 4058 est
464 4007 475 4069 11
494 4009 525 4057 28
549 4007 647 4057 ceteris
669 4005 697 4070 C,
722 4004 788 4067 cons.
811 4008 897 4053 tamen
919 4015 985 4064 quae
1006 4001 1041 4050 cd
1066 3998 1116 4050 aas
1137 4003 1162 4063 5,
1189 4002 1252 4052 124⁸

174 4079 263 4140 (supro
275 4080 309 4128 cd
320 4089 390 4127 cers.
410 4079 450 4139 171
463 4078 587 4128 adnotato
598 4079 659 4125 sunt
670 4075 681 4138 11
694 4075 725 4123 29
739 4075 766 4123 in
779 4072 863 4136 ltalia]
876 4068 944 4121 alis?
960 4069 986 4135 0,
1005 4068 1079 4120 Italis
1093 4067 1234 4119 Mommsen
1244 4064 1254 4131 11

176 4151 205 4197 tt
227 4147 404 4197 fideiussores
422 4149 513 4196 autem
531 4146 574 4195 lex
592 4145 704 4206 exempli
720 4144 808 4207 pratia
824 4143 970 4204 suppletum
988 4144 1033 4190 est.

224 4245 300 4288 (inve.
1030 4247 1045 4292 9
