3084 4868
537 394 623 401 -
669 361 704 420 11
751 395 836 402 -
1069 361 1226 421 isso-te

142 547 351 607 manumittat.
397 545 455 607 sed
483 553 514 606 et
541 546 613 608 illae
641 565 768 627 causae,
799 566 877 629 quas
906 550 1054 629 superius
1076 551 1108 610 in
1131 566 1225 610 seruo

142 635 265 693 minore
288 651 345 692 xxx
368 650 520 693 annorum
544 635 764 713 exposuimus,
797 634 837 695 ad
859 635 944 696 huno
967 653 1094 715 quoque
1118 653 1225 696 oesum

143 718 185 779 de
219 736 282 798 quo
310 717 470 799 loquimur
500 718 618 780 adferri
644 728 785 799 possunt.
840 721 915 781 item
942 739 983 782 ex
1012 721 1138 782 diuerso
1165 722 1224 782 hae

142 821 274 883 causae,
310 822 389 884 quas
424 806 456 866 in
483 807 602 866 minore
632 825 670 865 xx
700 824 852 867 annorum
880 805 1005 867 domino
1033 806 1222 885 rettulimus,

91 891 263 970 ltporrIgi
286 898 420 968 possunt
443 891 535 953 etad
559 909 690 952 seruum
712 894 862 952 minorem
877 912 934 952 xxx
949 911 1111 953 annorum.
1147 893 1248 954 Cums

140 994 217 1056 ergo
252 982 358 1037 certus
391 975 504 1037 modus
535 977 774 1039 manumittendi
801 978 976 1039 minoribus
1005 999 1046 1038 xx
1071 997 1224 1040 annorum

139 1061 278 1124 dominis
306 1080 366 1141 per
392 1061 496 1143 legem
517 1059 638 1124 Aeliam
661 1065 799 1125 Sentiam
826 1065 1011 1126 constitutus
1035 1066 1088 1141 sit,
1118 1067 1225 1125 euenit

138 1155 177 1208 ut
210 1149 267 1228 qui
299 1167 367 1208 xxur
388 1153 499 1210 ‘annos
533 1151 642 1210 aetatis
676 1151 865 1230 expleuerit,
900 1151 973 1211 lioet
1002 1156 1223 1212 testamentum

138 1235 247 1294 faeere
281 1235 382 1313 possit
415 1242 446 1296 et
472 1236 503 1295 in
532 1254 568 1296 eo
597 1235 747 1298 heredem
774 1236 834 1297 sibi
862 1238 1026 1298 instituere
1055 1235 1222 1317 legataque

137 1320 324 1400 relinquere
354 1323 464 1401 possit,
495 1328 600 1382 tamen
628 1323 653 1382 si
683 1322 787 1383 adhue
813 1324 914 1383 minor
937 1324 977 1383 sit
998 1341 1152 1383 annorum
1174 1333 1263 1401 xx,to

90 1408 122 1467 ll
137 1405 322 1466 libertatem
356 1424 449 1468 seruo
483 1406 559 1468 dare
591 1426 653 1468 non
682 1411 788 1488 possit.
840 1409 878 1469 Et
906 1411 1052 1488 quamuis
1079 1411 1221 1470 Latinum

137 1493 245 1552 faeere
283 1491 362 1552 uelit
398 1495 498 1552 minor
534 1513 571 1553 xx
605 1512 757 1554 annorum
791 1494 952 1574 dominus,
989 1503 1094 1556 tamen
1125 1493 1221 1556 nihilo

136 1580 243 1639 minus
273 1576 370 1638 debet
391 1578 478 1658 apud
500 1578 663 1640 eonsilium
686 1598 813 1640 oausam
835 1579 971 1659 probare
995 1588 1026 1641 et
1048 1583 1089 1641 ita
1111 1587 1222 1660 postea

136 1667 222 1726 inter
244 1664 360 1724 amieos
384 1666 611 1726 manumittere.

88 1752 126 1812 42
225 1751 392 1811 Praeterea
419 1751 489 1832 lege
512 1751 599 1812 Fufia
621 1752 747 1813 Caninio
770 1758 874 1813 certus
897 1751 1010 1814 modus
1034 1753 1261 1813 constitutusts

88 1838 188 1897 l3est
208 1839 241 1896 in
266 1839 367 1897 seruis
386 1843 572 1898 testamento
588 1837 851 1899 manumittendis,
889 1856 962 1898 nam
978 1841 1015 1916 ei,
1040 1841 1094 1918 qui
1111 1837 1219 1917 plures

137 1940 235 2002 quam
260 1921 341 1983 dnos
363 1941 469 2002 neque
490 1923 601 2003 plures
625 1942 720 2004 quam
743 1923 854 1984 deoem
877 1941 987 1985 seruos
1003 1924 1142 2003 habebit,
1165 1943 1220 1985 us-

136 2027 202 2088 que
234 2007 276 2068 ad
312 2015 434 2088 partem
462 2008 621 2070 dimidiam
654 2012 722 2070 eius
749 2012 873 2070 numeri
902 2013 1120 2072 manumittere
1147 2029 1221 2090 per·

134 2095 284 2170 mittitur;
308 2096 334 2154 oi
356 2113 443 2174 uero,
468 2098 522 2175 qui
544 2095 653 2174 plures
675 2091 685 2177 11
707 2114 801 2176 quam
823 2115 842 2154 x
863 2114 968 2176 neque
990 2095 1101 2175 plures
1124 2114 1287 2177 quampag.
1301 2107 1328 2153 44

134 2199 194 2239 xxx
221 2198 334 2241 seruos
356 2181 498 2259 habebit,
527 2199 630 2262 usque
652 2181 694 2242 ad
715 2185 839 2241 tertiam
861 2189 982 2260 partem
1006 2185 1074 2243 eius
1096 2185 1219 2244 numeri
1229 2192 1260 2238 so

134 2268 358 2327 manumittere
384 2269 583 2346 permittitur.
629 2275 660 2328 at
688 2269 729 2346 ei,
759 2269 813 2347 qui
836 2267 944 2345 plures
968 2286 1062 2348 quam
1085 2287 1142 2327 xxx
1163 2286 1219 2329 ne-

135 2371 201 2432 que
223 2351 335 2432 plures
359 2371 455 2434 quam
477 2359 602 2414 eentum
625 2353 763 2430 habebit,
787 2370 891 2433 usque
915 2352 956 2413 ad
979 2361 1100 2432 partem
1123 2371 1219 2433 quar-

133 2445 200 2498 tam
222 2445 362 2518 potestas
385 2438 624 2500 manumittendi
647 2439 747 2499 datur.
785 2441 956 2500 nouissime
977 2441 1015 2518 ei,
1039 2441 1094 2519 qui
1108 2438 1216 2519 plures

134 2543 233 2604 quam
257 2543 347 2586 oneo
361 2524 471 2604 plures
488 2543 583 2606 quam
597 2544 617 2585 n
633 2525 772 2604 habebit,
795 2543 858 2585 non
872 2523 982 2604 plures
999 2527 1216 2586 manumittere

132 2612 329 2696 permittitur
363 2629 456 2691 quam
489 2614 630 2692 quintam
657 2618 792 2691 partem3
826 2630 931 2691 neque
958 2610 1068 2690 plures
1099 2607 1258 2692 <—25

816 2693 897 2778 >turz
936 2697 993 2758 sed
1030 2697 1218 2774 praeseribit

133 2811 192 2966 ¹th
204 2850 418 2966 §⁴3973uporius}
435 2851 495 2911 §⁴9
513 2847 524 2915 11
540 2852 555 2911 ς
570 2853 600 2900 to
621 2870 652 2893 =
671 2852 737 2902 lust.
758 2854 782 2914 t,
802 2855 824 2914 6,
845 2854 858 2899 't
877 2847 886 2916 11
904 2851 918 2912 5
933 2853 964 2900 ts
984 2851 1047 2901 inde
1064 2850 1099 2900 ab
1118 2852 1172 2915 lopo
1184 2871 1216 2895 =

146 2929 200 2967 ns.
237 2955 244 2981 ,
282 2955 288 2966 .

205 3075 216 3120 4
240 3071 377 3136 superius]
399 3073 527 3136 superius
549 3072 577 3122 id
600 3075 641 3121 est
662 3069 691 3135 0,
716 3074 760 3122 sed
782 3074 811 3123 id
834 3078 993 3136 empticium
1011 3079 1049 3124 est
1065 3071 1075 3139 11
1097 3078 1111 3124 4
1131 3076 1218 3126 mino·

133 3154 193 3190 rem
216 3139 355 3205 Goesolton,
373 3142 514 3190 minorum
534 3140 576 3205 Cn,
595 3140 661 3202 conf.
676 3139 781 3204 copae.
795 3139 868 3208 29411
887 3144 1011 3206 tuiginti
1025 3144 1098 3207 last,
1116 3157 1163 3192 xxx
1179 3140 1217 3212 01

134 3222 272 3259 annornm
296 3209 329 3270 C,
353 3211 431 3259 annis
450 3206 563 3275 4444119
583 3209 713 3259 heredem
733 3211 809 3275 lost,
828 3211 930 3260 herede
945 3209 1028 3277 01140
1041 3225 1176 3262 annorum
1191 3211 1217 3276 0,

135 3280 216 3329 annis
235 3279 298 3328 last.
311 3275 361 3345 1144
382 3279 470 3342 possit
486 3277 623 3342 (iocantes,
642 3280 732 3342 potest
748 3275 914 3344 ellatinum
927 3293 961 3329 em
972 3281 1018 3330 uel
1031 3280 1145 3330 latinum
1161 3294 1217 3329 cor-

133 3345 262 3398 rectumC
271 3343 281 3411 11
294 3350 325 3395 42
338 3348 423 3397 nihilo
434 3349 526 3398 minus
536 3359 617 3407 supro
627 3348 718 3396 tamen
729 3350 767 3398 ito
777 3351 893 3399 additum
903 3347 953 3410 αθ,
968 3354 998 3398 ot
1006 3351 1129 3399 uideatur
1138 3349 1217 3398 libro·

132 3419 191 3465 rius
208 3419 301 3465 tamen
320 3416 405 3465 nihilo
422 3416 513 3465 minus
526 3417 613 3476 potius
630 3429 708 3476 quom
720 3416 805 3466 nihilo
818 3419 909 3467 minus
923 3420 1014 3466 temen
1025 3418 1139 3466 uoluisse
1156 3414 1166 3480 11
1185 3420 1215 3466 ts

133 3483 199 3534 iulia
212 3485 285 3548 lost,
298 3481 381 3534 fufio?
395 3498 429 3533 ece
441 3483 536 3534 infidia
548 3489 691 3534 correctum
705 3483 734 3547 G;
754 3485 819 3547 cons.
833 3485 897 3536 Aeto
910 3486 1033 3547 Ptitolop.
1054 3485 1216 3547 Wiroeooro.

137 3555 221 3615 148681
238 3566 301 3616 pap.
320 3553 368 3607 427
385 3550 395 3619 11
411 3555 481 3602 illei
497 3553 634 3617 Goescton,
653 3554 675 3602 si
691 3552 710 3602 0
727 3549 737 3620 11
755 3567 838 3616 quam
856 3568 872 3602 x
889 3566 978 3617 nequo
995 3554 1088 3617 plures
1106 3566 1154 3602 om.
1177 3551 1208 3603 0¹

136 3623 195 3672 odd.
213 3619 245 3672 0²
254 3618 265 3686 11
285 3625 315 3670 2⁰
335 3622 433 3671 nimeri
448 3621 468 3671 C
483 3619 494 3688 11
511 3625 542 3670 43
562 3617 651 3687 datur]
669 3618 789 3672 udatur?
810 3623 871 3684 (non
883 3621 994 3683 ttdatur)
1013 3622 1056 3685 0¹¹,
1075 3591 1218 3687 0044404811

137 3693 167 3738 st
186 3703 238 3740 nec
256 3689 350 3754 plures
368 3703 451 3754 qnam
468 3705 485 3740 n
504 3703 553 3740 om.
576 3689 613 3754 0¹,
643 3691 702 3740 add.
726 3687 757 3739 02
772 3693 819 3749 ito,
847 3694 876 3740 ot
902 3695 991 3740 utrum
1015 3695 1073 3751 post
1095 3703 1130 3739 oo
1157 3694 1217 3740 onte

136 3758 251 3809 habebit
278 3760 340 3809 tneo
365 3760 446 3808 uerba
472 3760 621 3809 collocanda
643 3761 706 3817 siat,
736 3771 789 3807 non
811 3756 938 3823 liquenti!
959 3757 1161 3821 manumittere]
1191 3760 1217 3808 ei

136 3829 328 3878 manumittere
354 3826 373 3877 C
404 3825 414 3893 11
446 3830 477 3877 it
497 3826 588 3891 quam]
609 3839 692 3890 quam
709 3823 757 3878 ut?
784 3827 804 3878 C
831 3826 842 3894 11
875 3839 963 3890 neque
981 3827 1073 3890 plnres
1094 3826 1168 3889 latur
1189 3827 1215 3891 0,

136 3910 223 3962 neque
247 3897 426 3947 continuatur
449 3897 602 3946 Mommsen:
632 3897 757 3945 uidentur
785 3901 871 3946 tameo
897 3896 1022 3944 nonnulla
1047 3897 1216 3958 intercidisse,

134 3980 198 4028 quoe
220 3969 259 4016 ito
277 3965 333 4028 sore
350 3967 471 4026 supplere
486 3968 583 4026 possis:
606 3978 693 4028 neque
716 3964 809 4028 plures
832 3961 920 4030 (quem
940 3977 956 4012 n
979 3976 1073 4014 seruos
1091 3965 1216 4016 habentis

135 4037 237 4085 mentio
256 4037 284 4084 in
304 4047 335 4084 oe
348 4034 407 4096 lege
419 4031 555 4100 habeltur;
573 4034 724 4096 fortasssis
736 4034 875 4095 arcteeppo
886 4027 1029 4096 hebelatur
1038 4045 1088 4094 pro
1101 4033 1218 4084 habetur

133 4107 261 4166 seriptum
284 4107 348 4153 erat.
377 4100 387 4168 11
416 4105 447 4152 26
475 4102 638 4167 praeseribit
667 4101 807 4167 (loomim,
834 4100 994 4167 postscribit
1023 4100 1064 4166 01¹,
1096 4103 1161 4166 cons.
1187 4101 1218 4152 (3ι

130 4186 192 4238 pop.
207 4176 271 4226 28⁶.
