3084 4868
638 407 941 449 *XVI-

282 575 318 636 in
346 576 534 657 paginarum
562 578 702 657 margine
730 576 840 638 dextro
869 595 1018 639 numeros
1044 581 1229 660 popinarum
1263 581 1376 644 oodiois

197 661 385 725 ¹Veronensis
407 659 641 741 adscripsimus,
665 662 798 724 oonfinia
819 664 929 724 hsmm
951 666 1136 746 paginarum
1154 669 1190 728 in
1209 670 1280 748 ipso
1303 686 1376 730 uer-

200 747 313 809 horum
343 747 531 809 Gaianorum
553 754 705 810 «contextu
730 749 779 810 his
807 749 930 811 lineolis
950 745 961 832 Ι(
981 751 1242 832 significauimus:
1274 754 1376 815 ueluti

194 835 288 895 huius
306 832 455 894 editionis
479 851 552 914 pag.
577 834 594 892 i
618 851 702 896 uers.
728 835 769 897 22
790 835 847 896 hae
863 834 999 898 lineolae
1009 836 1298 919 indiomtpestaet
1311 847 1374 902 ter·
1454 869 1457 874 ·
1496 807 1499 812 ¹
1536 898 1541 907 ,

193 921 307 980 minari
322 918 437 981 oodiois
452 921 640 981 vermensis
655 921 801 1002 paginam
817 921 846 1000 2,
869 922 1007 984 inoohsri
1026 924 1168 987 eiusdem
1183 929 1328 1008 paginam
1344 927 1373 988 3.

194 1007 358 1068 Praeterea
374 1007 409 1066 iu
422 1005 536 1068 eodem
548 1007 737 1087 paginarum
751 1007 892 1088 margine
912 1007 1025 1070 dentre
1038 1014 1281 1077 ‘numerauimus
1298 1031 1376 1077 uer·

195 1107 251 1153 sus
277 1093 467 1172 paginarum
500 1092 594 1153 huius
628 1091 784 1172 editionis,
819 1091 860 1154 ad
893 1111 972 1174 quos
1006 1095 1219 1161 adnotationes
1249 1100 1373 1166 oritioas
1463 1133 1465 1142 ι

193 1177 527 1346 Νᾱθῖξιωζζῃίιιπυιιι
555 1265 696 1344 margine
714 1265 842 1326 sinistro
865 1263 1090 1344 adscripsimus
1111 1287 1260 1335 numeros
1280 1291 1373 1352 (8888-
1464 1231 1466 1238 ¹

197 1350 388 1430 graphornm
418 1351 573 1431 cuiusque
598 1349 688 1426 iibri3
718 1349 895 1412 *eorundem
928 1369 1083 1414 summam
1115 1358 1372 1436 comprehensum
1464 1351 1466 1358 ’

194 1451 293 1516 prope
312 1437 487 1517 marginem
511 1437 697 1496 exteriorem
720 1433 760 1517 (in
778 1453 906 1497 summa
928 1436 1052 1520 pagina)
1075 1441 1284 1506 exhibuimus.

278 1521 462 1586 Sorihebam
484 1519 681 1602 ¹Argentorati
704 1523 770 1582 Kal.
796 1522 862 1583 Iun.
887 1539 913 1582 a.
937 1541 1166 1587 nnoooorxxnn.

436 1805 693 1897 PthFdild
719 1807 861 1894 rsvtt
884 1809 1129 1896 invisam.

259 1967 327 2018 ¹i’ost
339 1969 460 2018 mortem
478 1967 660 2018 studemundt
679 1965 770 2017 adhuo
782 1979 869 2017 nemo
887 1969 984 2032 estitit,
1002 1968 1050 2033 qui
1062 1981 1138 2032 opus
1157 1969 1192 2019 ab
1209 1967 1370 2037 iitoinosp-

193 2036 349 2088 tumissa
367 2037 514 2100 reciperet,
538 2040 569 2086 ut
591 2037 689 2086 iterato
707 2035 818 2086 oodiois
835 2036 1000 2086 veronensis
1021 2038 1148 2088 examine
1171 2051 1242 2100 quas
1259 2051 1369 2092 remen-

194 2107 291 2155 sarunt
308 2105 422 2155 lacunas
440 2104 521 2155 nohis
538 2105 667 2169 expiaret.
702 2103 771 2154 haeo
789 2105 873 2167 igitur
890 2107 986 2169 quarta
1006 2104 1090 2156 editio
1103 2119 1157 2155 uon
1170 2106 1232 2157 aliis
1245 2106 1369 2161 leotioui·

194 2172 248 2224 bus
276 2175 381 2224 codicis
409 2173 575 2226 Veronensis
607 2174 705 2223 nititur
737 2173 791 2223 nisi
821 2173 868 2238 iis,
903 2186 975 2238 quas
1006 2175 1183 2224 continentur
1212 2177 1368 2241 apographo

192 2241 376 2293 studemundi
389 2241 438 2306 (0¹)
451 2244 478 2293 et
490 2241 783 2308 supplementishuius
796 2241 944 2307 apographi
958 2255 1029 2307 quae
1040 2241 1113 2292 intra
1129 2246 1284 2308 sequuntur
1299 2243 1368 2310 (0⁵⁸).

253 2311 331 2361 'Inter
347 2311 473 2362 subsidia
492 2313 588 2360 orttioa
606 2310 725 2362 (irasoae
737 2311 950 2362 iustinianarum
964 2313 1166 2362 institutionum
1180 2313 1367 2380 paraphrasis,
1466 2309 1468 2313 ’

190 2392 261 2445 ques
278 2379 419 2446 dheophiti
438 2393 499 2432 esse
517 2379 646 2445 traditur,
674 2381 728 2430 iam
752 2380 780 2429 iu
804 2381 884 2432 tertia
905 2381 1026 2432 editione
1048 2380 1167 2446 amplius
1185 2395 1269 2444 quam
1287 2388 1367 2436 antea

191 2447 296 2502 santum
321 2455 362 2500 est
384 2451 517 2500 rationem
541 2449 639 2513 hahui,
661 2452 811 2514 ,postquam
830 2448 982 2500 contortius
1003 2449 1104 2498 Ferrtni
1127 2451 1226 2500 iniuria
1249 2464 1310 2502 eam
1334 2451 1368 2504 ab

192 2515 345 2571 editoribus
363 2517 515 2581 neglectam
537 2531 598 2568 esse
620 2531 676 2567 non
700 2519 759 2568 sine
781 2530 864 2568 eausa
888 2516 1031 2580 notauit1i;
1059 2519 1167 2568 constat
1191 2520 1264 2570 enim
1286 2520 1368 2574 huius

192 2585 368 2651 paraphrasis
392 2591 532 2638 auctorem
555 2591 662 2651 praeter
683 2587 827 2636 Iustiniani
850 2590 1005 2636 contextum
1025 2586 1073 2636 Gai
1096 2598 1206 2650 quoque
1230 2599 1369 2638 oommen-

191 2656 277 2706 turios
300 2659 362 2706 anta
386 2657 482 2707 oouios
505 2655 637 2706 habuisse
663 2660 689 2705 et
707 2667 741 2705 ax
758 2654 800 2705 his
823 2655 940 2718 plurima
965 2667 1060 2704 eorum
1085 2655 1269 2718 adsumpisss,
1298 2669 1369 2720 quae

191 2725 336 2775 iustiniani
354 2724 449 2776 uerbis
467 2727 494 2774 in
512 2720 902 2788 parapnmteooesseruntii.
929 2736 978 2773 eos
991 2724 1079 2785 igitur
1097 2723 1271 2787 paraphrasis
1284 2724 1367 2789 isoes,

193 2794 239 2857 qui
258 2793 304 2843 uel
322 2792 357 2843 ad
375 2796 460 2844 orista
480 2792 573 2844 Gaiant
588 2794 731 2844 contentus
743 2792 788 2842 uel
806 2792 841 2844 sd
860 2791 1028 2856 supplendos
1046 2791 1137 2842 hiatus
1155 2791 1277 2856 aliquam
1294 2793 1368 2844 utiti-

191 2863 276 2910 tatem
295 2861 426 2912 uidentur
442 2861 552 2925 habere,
571 2863 642 2911 inter
659 2861 765 2924 reliqua
789 2859 914 2912 subsidia
937 2861 1032 2910 oritioa
1055 2860 1194 2910 adnotaui.
1229 2860 1273 2912 his
1289 2873 1368 2928 praa-

191 2932 265 2980 terea
284 2929 434 2993 fragmenta
453 2930 708 2993 Augustodunensia
727 2928 807 2988 iconi.
825 2942 878 2994 paq
890 2929 949 2980 XLI
963 2929 1030 2994 sqq.)
1049 2931 1230 2992 assesserunt,
1250 2943 1368 2995 quorum

191 3009 242 3063 ope
259 3011 347 3049 unum
366 3001 440 3048 oorte
458 2998 550 3049 iocum
569 2999 634 3062 (Gai.
653 3000 677 3064 t,
697 2997 737 3060 to)
756 3011 823 3050 suaa
841 2999 988 3062 integritati
1006 2999 1151 3049 restituero
1168 2997 1254 3050 licuit.

258 3067 453 3131 supplements
471 3067 733 3132 emendationesque
755 3066 820 3118 inde
841 3067 876 3118 ab
899 3080 970 3118 enno
995 3069 1077 3131 titt,
1104 3080 1159 3130 quo
1183 3069 1262 3120 tertia
1284 3067 1368 3120 editio

190 3135 305 3201 prodiit,
324 3135 415 3186 nullae
434 3136 490 3186 tere
509 3137 630 3200 prolatae
648 3138 720 3188 suot.
755 3136 822 3188 huio
839 3139 952 3202 quartae
976 3135 1090 3199 editioni
1113 3137 1249 3201 imprimis
1273 3151 1305 3189 ea
1322 3150 1367 3188 ao-

190 3209 346 3268 oesserunt‚
374 3219 446 3270 quae
463 3203 622 3256 Theodorus
640 3207 790 3257 Mommsen
813 3207 885 3256 inter
907 3203 1030 3270 plagulas
1054 3205 1234 3270 perlegendas
1257 3219 1367 3257 msoum

190 3275 412 3324 communicanti.

292 3341 402 3393 Bounae
420 3353 514 3393 mense
531 3343 645 3406 Augusti
664 3344 728 3393 anni
746 3345 821 3392 4899.

189 3445 395 3456 -ῌ--ῃι

259 3497 276 3561 ι)
294 3497 455 3549 lisndioonti
474 3497 535 3549 dell’
555 3499 662 3548 istituto
675 3494 831 3550 Lombardo
847 3495 908 3548 XVI
925 3494 1009 3559 (8888)
1029 3508 1088 3560 pag.
1102 3499 1150 3547 888
1164 3509 1223 3561 sqq.
1236 3499 1263 3546 et
1274 3495 1368 3546 Archi-

189 3566 534 3701 aiffiugtgiogswiisigvss
553 3566 637 3632 (8887)
655 3579 715 3632 pag.
735 3569 779 3616 ist
802 3578 860 3631 sqq.
884 3568 911 3616 et
933 3566 1142 3630 Byzantinisohe
1160 3563 1315 3618 zeitschriit
1331 3563 1367 3612 vt

258 3700 277 3766 2)
296 3704 409 3754 Ferrinti
428 3707 623 3769 coniecturam,
648 3705 813 3768 quaomnia
832 3703 941 3754 Gatanis
964 3701 1072 3767 similia,
1095 3715 1166 3766 quae
1188 3700 1261 3765 apud
1284 3700 1367 3751 Insti—
1467 3745 1470 3752 ,
1537 3683 1538 3692 ’

190 3773 301 3822 nianum
312 3776 360 3823 aut
372 3774 451 3824 aliter
462 3774 590 3838 teguntur
603 3777 649 3825 ant
661 3775 773 3824 omnino
785 3785 840 3823 non
853 3773 953 3836 extant,
967 3771 1086 3822 Gaianae
1103 3771 1200 3834 origini
1212 3769 1368 3821 attribuun-

190 3843 243 3904 tur,
267 3841 350 3892 ualde
371 3844 589 3907 restringendam
614 3856 675 3894 esse
699 3842 794 3893 doouit
815 3843 895 3892 oauts
918 3843 946 3890 et
965 3843 1062 3903 arguta
1084 3839 1239 3890 dissertatio
1257 3839 1367 3890 flenrioi

190 3910 305 3959 Broiato
323 3910 357 3960 de
375 3911 568 3975 Theophilinae
586 3926 657 3977 quae
676 3911 762 3962 fertur
774 3911 917 3962 Iustiniani
930 3910 1134 3960 Institutionum
1152 3909 1272 3960 Grasoae
1289 3922 1367 3974 para·

189 3978 320 4044 phraseos
334 3981 541 4042 compositione.
570 3981 742 4044 Argentorati
760 3983 826 4030 8886
846 3980 1064 4042 (Dissertationes
1076 3978 1256 4044 philologioae
1268 3977 1367 4041 argen-

190 4048 340 4097 toratenses
359 4047 476 4099 selectae
494 4049 530 4098 XI
547 4062 607 4113 pag.
628 4053 674 4098 tta
695 4049 772 4114 sqq).
