3094 4860
521 385 607 397 ,-
649 353 692 416 63
736 387 821 399 .-
1037 354 1060 404 11
1079 353 1207 416 §tt-cr

128 559 198 601 cum
221 546 404 623 usucaperit
426 563 566 622 seruum,
590 545 664 622 quia
679 562 716 604 ec
732 541 825 604 modo
841 541 986 604 dominus
1002 543 1046 622 fit,
1069 547 1208 605 exomni

128 643 222 688 causa
243 646 303 708 per
325 649 399 690 eum
421 630 482 692 sibi
505 630 672 712 adquirere
694 637 806 708 potest.
852 629 1107 690 usufructuarius
1129 647 1208 691 uero

127 731 303 793 usucapere
336 735 398 776 non
432 725 548 796 potest:
586 715 723 794 primum
757 717 831 795 quia
863 733 925 775 non
958 715 1114 794 possidet,
1149 715 1208 777 sed

20 823 21 826 ¹
127 799 224 861 habet
257 803 307 862 ius
340 802 451 864 utendi
481 800 535 884 [et]
562 800 703 874 fruendi;
739 800 854 862 deinde
879 804 953 882 quia
981 804 1039 863 soit
1069 801 1207 863 alienum

20 901 21 944 4
84 885 117 944 ts
127 903 257 947 seruum
286 903 366 949 esse.
411 890 456 950 De
482 887 539 950 illo
562 889 737 969 quaeritur,
765 905 805 947 an
827 905 887 966 per
909 905 982 948 eum
1004 905 1148 968 seruum,
1175 889 1231 949 int

127 989 188 1052 quo
211 973 446 1035 usumfructum
467 975 632 1052 hahemus,
656 972 820 1053 possidere
843 972 982 1054 aliquam
1001 991 1069 1034 rem
1085 981 1116 1035 et
1131 991 1208 1034 usu-

127 1075 240 1137 capere
269 1061 444 1140 possimus,
474 1064 547 1142 quia
575 1063 679 1140 ipsum
708 1077 771 1120 non
796 1058 1006 1138 possidemus.
1052 1076 1111 1138 per
1134 1079 1207 1120 eum

127 1162 213 1225 uero,
238 1163 334 1225 quem
356 1145 525 1208 bonafide
547 1144 758 1227 possidemus,
782 1145 848 1206 sine
872 1144 969 1206 dubio
992 1153 1024 1206 at
1042 1145 1207 1226 possidere

128 1238 157 1291 et
189 1247 368 1311 usucapere
400 1250 580 1312 possumus.
641 1231 802 1312 loquimur
835 1239 940 1292 autem
973 1233 1005 1292 in
1037 1233 1206 1312 utriusque

127 1335 264 1395 persona
287 1318 462 1380 secundum
485 1318 698 1380 definitionem
721 1318 974 1397 quamproxime
990 1321 1247 1396 exposuimua,⁴⁰

127 1401 159 1463 id
186 1411 236 1464 est
266 1405 293 1464 si
322 1404 397 1484 quid
425 1424 466 1466 ex
493 1423 528 1466 rs
556 1411 662 1466 nostra
684 1403 738 1465 uel
760 1423 800 1464 ex
823 1405 926 1482 operis
949 1405 1015 1465 suis
1038 1403 1206 1484 adquirant

87 1487 119 1546 95
128 1487 169 1566 [id
189 1487 284 1551 nobis
307 1488 504 1572 adquiritur}
543 1491 590 1552 Ex
611 1491 659 1551 his
682 1497 813 1569 apparet
834 1507 893 1568 per
915 1489 1032 1551 liberos
1051 1490 1205 1570 homines,

128 1591 205 1655 quos
228 1591 335 1656 aeque
357 1579 419 1636 iuri
439 1585 544 1638 nostro
568 1576 725 1638 subiectos
748 1575 903 1638 habemus
921 1593 1027 1656 neque
1042 1575 1126 1636 bone
1141 1576 1204 1638 fide

127 1659 342 1740 possidemus,
376 1664 451 1724 item
484 1681 543 1742 per
576 1662 695 1724 alienos
728 1679 853 1739 seruos,
887 1663 920 1723 in
951 1661 1069 1743 quibus
1099 1680 1204 1743 neque

127 1747 357 1808 usumfructum
384 1748 538 1810 habemus
564 1765 671 1830 neque
699 1751 813 1808 iustam
839 1750 1087 1828 possessionem,
1114 1747 1246 1809 44444444

127 1843 164 1893 ex
197 1848 294 1896 ceusu
326 1833 416 1895 nobis
450 1834 576 1916 adquiri
608 1843 711 1914 posse.
761 1841 793 1896 et
825 1835 885 1896 hoc
918 1842 966 1896 est
993 1834 1079 1915 quod
1105 1833 1203 1916 uulgo

126 1917 239 1980 dicitur
265 1937 324 1999 per
352 1929 532 1982 extraneam
560 1937 729 1999 personam
751 1920 843 1982 nobis
865 1920 991 2001 adquiri
1013 1939 1076 1982 non
1096 1938 1201 2000 posse.

125 2011 245 2066 tantum
269 2005 309 2067 de
328 2009 527 2086 possessione
544 2009 716 2088 quaeritur,
740 2024 779 2067 an
796 2001 867 2089 (per
881 2003 1081 2088 contruncent>
1096 2023 1204 2085 perso-

86 2089 117 2147 96
126 2107 195 2152 com
217 2091 310 2153 nobis
333 2092 527 2173 adquiratur.
567 2094 601 2154 in
625 2111 747 2154 summa
769 2092 934 2154 sciendum
956 2101 1005 2154 est
1018 2093 1077 2171 his,
1101 2095 1156 2173 qui
1170 2095 1244 2154 insa

125 2172 133 2257 Η
153 2183 307 2256 potestate
330 2195 425 2240 manu
447 2181 643 2260 mancipioue
666 2186 748 2259 sunt,
771 2178 849 2239 nihil
871 2181 903 2240 in
923 2181 992 2241 iure
1008 2179 1078 2241 cedi
1092 2195 1270 2258 posse;pag.
1285 2189 1316 2234 44

126 2281 195 2324 cnm
230 2266 314 2325 enim
348 2267 480 2326 istarum
512 2283 720 2346 personarum
753 2264 831 2325 nihil
865 2283 960 2326 suum
994 2281 1066 2326 esse
1092 2266 1200 2344 possit,

20 2395 30 2436 q
126 2351 316 2412 conueniens
345 2358 393 2412 est
421 2351 555 2432 scilicet,
586 2359 623 2413 ut
643 2350 722 2412 nihil
744 2369 838 2412 suum
862 2369 930 2413 esse
952 2352 984 2412 in
1006 2353 1075 2412 iure
1098 2349 1202 2412 uindi-

20 2437 21 2446 ’
126 2453 194 2498 care
217 2438 347 2516 possint.

1390 1980 1402 2011 0

85 2601 117 2663 af
207 2607 361 2669 Hactenus
389 2611 544 2690 tantisper
569 2608 772 2670 admonuisse
795 2608 911 2670 sufficit
932 2605 1200 2689 quemadmodum

21 2733 22 2790 ᾗ
125 2693 266 2775 singulae
295 2711 348 2756 res
375 2695 467 2756 nobis
489 2695 706 2776 adquirentur.
750 2713 824 2756 nam
846 2694 1021 2776 legatorum
1044 2695 1106 2774 ius,
1137 2705 1242 2774 quoae

21 2827 23 2916 ξ
124 2820 127 2825 ¹
191 2847 253 2908 §at
271 2847 336 2897 inde
353 2847 389 2898 ab
408 2851 422 2895 4
441 2812 645 2910 tooosmffie
662 2869 693 2892 =
712 2849 777 2899 fnst.
796 2854 820 2914 4,
839 2852 863 2912 a,
883 2847 993 2911 441ξ94
1011 2859 1099 2911 usque
1116 2847 1151 2897 ad
1168 2851 1199 2897 44

21 2945 22 2994 ;
121 2915 319 2978 posse=1nst
338 2919 362 2980 4,
381 2914 544 2983 4511447
564 2917 671 2968 fere=
690 2919 754 2968 4444.
775 2922 799 2982 4,
818 2922 842 2982 t,
861 2921 886 2967 t.

21 3051 23 3140 ξ
189 3073 257 3119 4-4
278 3069 353 3120 omni
371 3081 454 3121 causa
470 3070 496 3132 0,
515 3069 643 3121 omnibus
661 3072 752 3122 causis
765 3071 824 3134 Dfp.
836 3072 900 3122 1444.
918 3069 959 3136 114
979 3069 1199 3122 usufructuariae
1256 3109 1257 3115 4

125 3135 220 3202 01444,
238 3137 406 3189 fructuarius
419 3140 479 3191 lost.
492 3139 503 3202 11
517 3145 530 3189 4
544 3151 696 3204 usucapere
712 3140 731 3191 0
744 3141 814 3206 lost,
833 3153 983 3204 usucapere
996 3153 1107 3190 seruum
1120 3137 1201 3206 144411

123 3209 135 3254 4
154 3211 180 3257 et
201 3206 228 3271 0,
247 3219 296 3257 orn.
314 3207 374 3271 Dia.
393 3209 456 3259 1444.
475 3210 572 3260 rectius
588 3208 600 3272 ΙΙ
615 3210 679 3272 quia
701 3207 721 3258 C
738 3210 809 3274 inst,
827 3211 957 3273 quoniam
975 3209 1034 3272 Dtp.
1051 3209 1062 3272 ΙΙ
1079 3210 1199 3260 alfanum

22 3325 23 3342 2
122 3288 229 3326 seruum
251 3275 285 3338 0,
311 3288 423 3326 seruum
442 3277 562 3328 alienum
581 3278 639 3341 Dia.
659 3277 744 3340 444411
762 3282 777 3326 44
795 3277 913 3342 aliquam
934 3277 1076 3339 Goasctra,
1094 3274 1198 3341 aliqui?

22 3359 23 3402 4
125 3343 190 3408 Off
210 3345 350 3409 possimus
370 3345 508 3407 Gocsctoc,
528 3358 675 3411 possumus
691 3346 711 3398 0
721 3347 733 3410 ΙΙ
751 3351 782 3396 44
795 3359 914 3412 persona
933 3347 1003 3411 1444,
1020 3349 1145 3411 personis
1156 3347 1199 3396 uel

22 3453 23 3468 4
121 3427 252 3477 personas
273 3412 355 3476 01144
379 3419 471 3480 operte
490 3415 518 3482 0,
536 3415 666 3480 operibus
684 3416 745 3466 1444.
758 3415 770 3477 11
781 3417 926 3480 adquirant
946 3414 971 3479 G,
990 3414 1079 3479 adepti
1097 3415 1199 3466 fuerint

22 3481 24 3548 ζ
122 3482 180 3533 fast.
193 3481 250 3546 1144
269 3481 292 3546 i]
313 3482 334 3533 C
351 3497 385 3534 ec
401 3485 561 3549 persomme,
580 3497 628 3535 om.
648 3485 708 3535 fort.
721 3483 788 3548 144444
803 3484 940 3548 Gooscten,
957 3484 991 3534 iis
1006 3483 1033 3548 C,
1051 3484 1093 3534 his
1105 3484 1197 3547 itaque

22 3549 24 3622 ζ
123 3551 180 3602 faut.
197 3551 208 3614 fl
228 3555 258 3601 st
278 3555 372 3602 nostro
392 3551 529 3619 Gocsctea,
555 3558 662 3604 nostros
683 3552 735 3616 011
757 3557 787 3602 tt
804 3552 1013 3615 posthabemus
1032 3555 1061 3602 io
1080 3551 1198 3602 Ouerbe

22 3627 23 3640 ¹
121 3620 182 3670 item
206 3633 256 3684 per
278 3621 383 3672 alienos
404 3635 502 3673 seruos
528 3624 555 3672 in
574 3621 676 3686 quibus
692 3635 781 3685 neque
798 3621 1000 3672 usumfructum
1015 3633 1065 3684 per
1081 3633 1198 3670 errorem

120 3691 227 3752 repetita
244 3694 312 3754 sunt,
331 3689 397 3753 conf.
413 3690 445 3740 04
462 3688 472 3758 ΙΙ
490 3695 522 3742 tt
541 3691 625 3754 uulgo
647 3690 673 3753 G,
691 3703 739 3741 om.
759 3691 820 3741 last.
838 3687 849 3756 ΙΙ
866 3693 898 3740 44
918 3689 997 3740 nobis
1015 3689 1124 3753 adquiri
1142 3701 1196 3738 non

124 3756 149 3821 G,
166 3757 235 3808 nihil
254 3758 363 3877 adquciri
382 3759 477 3879 fartq
494 3764 526 3810 48
552 3773 601 3825 per
621 3762 777 3810 extraneam
796 3758 949 3824 personam]
969 3771 1135 3822 ps-——
1154 3759 1197 3808 sset

138 3841 281 3877 e—-—
369 3841 435 3878 oon.

119 3840 143 3960 Β,
161 3903 176 3946 4
238 3899 267 3946 44
290 3829 394 3948 44444444
415 3829 435 3948 (ft
457 3895 468 3966 ΙΙ
493 3902 527 3948 44
546 3898 713 3949 conueniens
733 3897 870 3962 Gocsctoa,
888 3897 1034 3947 conuenies
1055 3895 1075 3946 G
1098 3893 1109 3963 ΙΙ
1135 3907 1197 3946 4444

121 3965 171 4015 tac
231 3979 276 4030 4444,
298 3978 359 4016 4444
376 3979 458 4030 posse
480 3967 510 4032 G;
532 3967 613 4018 uerbo
635 3979 716 4017 suum
740 3979 800 4016 esse
821 3977 903 4030 posse
920 3969 1053 4027 tamqnam
1069 3966 1196 4028 plassemo

23 4045 24 4048 ’
121 4035 222 4096 expellit
239 4036 383 4086 Mosamsea
398 4033 409 4101 {l
430 4039 463 4085 44
482 4037 621 4087 Hactenus
637 4048 673 4085 cc
690 4036 752 4087 fast.
770 4036 900 4097 suppleuit
919 4034 1047 4085 Goesotec
1063 4029 1075 4100 ΙΙ
1095 4033 1197 4084 sufficit

124 4101 220 4153 Ceam
244 4105 378 4154 aonaatts's
403 4107 532 4156 codicibus
549 4106 749 4169 Institutionum,
770 4102 890 4156 sufficiat
915 4104 961 4155 ofts'
981 4104 1080 4155 codices
1108 4099 1197 4167 444411

122 4173 151 4220 44
170 4173 251 4224 nobis
270 4171 450 4237 adquirentur
470 4174 497 4238 0,
516 4175 699 4238 adquiruntur
718 4175 780 4226 fort.

477 3830 523 3894 t³),
544 3841 595 3894 per
607 3831 817 3894 procuratorem
838 3827 983 3890 Goodsmit;
1006 3827 1072 3890 conf.
1091 3827 1152 3876 44444.
1170 3832 1195 3891 4,
