3094 4860
322 344 346 394 11
364 345 526 406 §atr-tac
710 376 796 388 ....
840 345 880 406 74
924 379 1009 390 ..-

321 532 516 595 tusconsulto
540 533 654 593 erroris
677 549 771 592 causa
792 531 956 612 probatur,
980 536 1055 614 quia
1077 533 1155 595 forte
1179 553 1219 595 ex
1232 535 1403 616 peregrina

322 620 376 682 uel
398 621 504 681 Latina
527 636 608 698 quae
630 634 689 697 per
705 636 844 680 errorem
860 622 950 700 quasi
965 621 1043 680 ciuis
1060 622 1195 681 Romana
1209 638 1291 680 uxor
1307 619 1403 680 ducta

323 714 407 768 esset
428 713 520 766 natus
545 711 642 780 esset3
666 722 739 765 nam
762 707 830 766 siue
853 706 945 767 heres
961 707 1121 767 institutus
1138 714 1222 767 esset
1237 724 1255 765 a
1270 713 1403 786 parente

323 794 391 853 siue
415 790 637 869 exheredatus,
668 793 736 852 siue
759 794 834 852 uiuo
856 799 944 871 patre
967 809 1062 852 causa
1083 791 1218 872 probato
1240 793 1308 853 siue
1331 798 1429 872 posti

323 884 456 938 mortem
479 878 556 954 eius,
587 878 669 937 omni
692 877 784 939 modo
808 879 898 958 quasi
921 873 1092 958 agnaiitione
1115 877 1284 957 rumpebat
1305 885 1475 954 testa-pag.
1488 893 1511 940 oo

254 964 472 1024 ti3mentum.
510 981 594 1022 nunc
615 980 693 1024 uero
714 982 754 1024 ex
768 981 850 1024 nouo
867 961 1147 1042 senatusconsulto,
1172 962 1258 1044 quod
1273 971 1402 1024 auctore

324 1049 398 1110 diuo
422 1047 576 1109 hadriano
599 1048 716 1109 factum
739 1057 799 1128 est,
824 1050 981 1130 siquidem
1003 1052 1078 1110 uiuo
1100 1056 1189 1129 patre
1212 1066 1307 1110 causa
1328 1067 1404 1128 pro·

322 1134 426 1212 batur,
456 1153 558 1215 aeque
586 1141 622 1195 ut
650 1134 724 1194 olim
747 1137 830 1195 omni
852 1135 944 1195 modo
966 1137 1085 1214 rumpit
1106 1142 1343 1211 testamentum
1375 1137 1402 1195 si

322 1239 400 1282 uero
422 1227 493 1299 post
515 1228 646 1281 mortem
668 1223 775 1300 patris,
802 1223 991 1300 praeteritus
1015 1219 1145 1301 quidem
1166 1222 1284 1300 rumpit
1305 1228 1404 1282 testa-

323 1314 472 1385 mentum,
497 1309 524 1367 si
545 1324 622 1367 uero
645 1307 738 1368 heres
761 1309 793 1366 in
816 1325 851 1368 eo
873 1308 1009 1386 scriptus
1032 1316 1081 1368 est
1102 1305 1156 1367 uel
1179 1305 1401 1385 exheredatus,
1414 1322 1446 1367 ro

322 1411 384 1453 non
407 1394 525 1471 rumpit
545 1398 782 1468 testamentum
811 1410 852 1453 ne
875 1392 995 1454 seilicet
1017 1391 1182 1473 diligenter
1204 1393 1284 1453 facta
1306 1399 1404 1453 testa-

323 1485 427 1539 menta
448 1476 704 1540 rescinderentur
719 1498 753 1539 eo
769 1485 920 1558 tempore,
945 1497 1007 1558 quo
1022 1480 1169 1539 renouari
1183 1496 1246 1538 non
1262 1485 1402 1557 possent.

254 1565 311 1624 tii
323 1565 496 1626 Posteriora
520 1582 647 1644 quoque
666 1571 851 1626 testamento
868 1564 954 1644 quod
969 1567 1038 1625 iure
1053 1565 1168 1624 iactum
1184 1571 1232 1624 est
1254 1567 1403 1643 superius

322 1652 488 1730 rumpitur.
527 1669 586 1728 nec
608 1653 746 1726 interest,
770 1668 809 1711 an
831 1652 968 1711 extiterit
987 1650 1101 1730 aliquis
1122 1669 1162 1711 ex
1181 1669 1218 1710 eo
1234 1650 1336 1730 heres,
1362 1669 1403 1710 an

322 1756 385 1798 non
414 1737 564 1812 extiterit3
593 1737 652 1796 hoc
678 1738 761 1797 enim
788 1735 890 1797 solum
917 1743 1091 1816 spectatur,
1119 1753 1159 1796 an
1187 1737 1323 1797 existere
1344 1751 1446 1816 po-ta

321 1824 426 1884 tuerit.
467 1821 603 1902 ideoque
626 1824 652 1882 si
675 1824 745 1902 quis
769 1841 809 1882 ex
830 1824 1003 1902 posteriore
1024 1828 1209 1884 testamento
1232 1821 1319 1902 quod
1332 1824 1403 1884 iure

322 1909 440 1969 factum
468 1914 515 1969 est
542 1915 596 1968 aut
617 1907 753 1969 noluerit
774 1909 867 1970 heres
891 1927 972 1986 esse,
1002 1916 1056 1968 aut
1077 1910 1152 1968 uiuo
1175 1915 1324 1970 testatore
1348 1917 1403 1968 aut

322 2001 548 2074 postmortem
571 1995 649 2074 eius,
673 2002 841 2074 antequam
863 1993 1069 2056 hereditatem
1084 1992 1194 2073 adiret,
1219 1993 1402 2072 decesserit,

323 2088 377 2140 aut
398 2098 458 2159 per
480 2081 648 2140 cretionem
670 2079 818 2142 exclusus
841 2081 945 2160 fuerit,
973 2087 1027 2140 aut
1049 2079 1229 2141 condicione
1252 2079 1314 2142 sub
1338 2099 1403 2161 qua

322 2167 416 2228 heres
438 2168 598 2227 institutus
621 2173 670 2227 est
692 2166 834 2228 defectus
857 2167 904 2245 sit,
931 2175 985 2226 aut
1005 2173 1135 2246 propter
1157 2165 1346 2228 caelibatum
1362 2183 1444 2228 exso

322 2252 394 2334 lege
421 2252 502 2313 Iulia
531 2260 705 2313 summotus
733 2252 829 2314 fuerit
849 2253 890 2314 ab
913 2251 1102 2314 hereditate:
1133 2250 1250 2332 quibus
1274 2252 1402 2314 casibus

322 2347 413 2418 pater
435 2336 566 2399 familias
589 2340 753 2400 intestatus
776 2341 916 2418 moritur,
939 2357 1012 2400 nam
1028 2345 1060 2400 et
1074 2339 1162 2418 prius
1178 2344 1402 2400 testamentum

323 2443 385 2486 non
413 2424 500 2486 ualet
526 2431 656 2504 ruptum
683 2443 701 2484 a
722 2427 910 2505 posteriore,
941 2432 972 2485 et
993 2425 1150 2504 posterius
1173 2442 1276 2504 aeque
1297 2423 1402 2488 nullas

253 2510 409 2572 tibuires
432 2510 536 2588 hahet,
560 2529 632 2571 enm
656 2529 696 2572 ex
718 2530 755 2572 eo
778 2529 869 2572 nemo
892 2511 984 2571 heres
1006 2511 1151 2571 extiterit.
1189 2508 1258 2570 Alio
1275 2529 1404 2591 quoque

323 2596 416 2659 modo
439 2604 625 2659 testamenta
647 2599 715 2658 iure
739 2597 820 2658 iacta
839 2597 1046 2675 infirmantur,
1069 2595 1174 2658 ueluti
1188 2593 1290 2678 (cum)
1305 2598 1333 2658 is
1350 2598 1448 2677 quiae

324 2684 434 2744 fecerit
470 2691 691 2744 testamentum
725 2686 824 2763 capite
858 2681 1037 2744 deminutus
1071 2684 1124 2759 sit;
1164 2681 1251 2762 quod
1285 2682 1405 2763 quibus

254 2767 425 2830 iitmodis
448 2769 576 2848 accidat,
599 2771 700 2848 primo
724 2770 943 2830 commentario
966 2767 1102 2829 relatum
1125 2775 1181 2830 est.
1219 2768 1278 2829 hoc
1298 2776 1405 2830 autem

325 2873 401 2914 casu
422 2850 522 2936 intirita
544 2854 612 2915 fieri
634 2862 819 2916 testamenta
842 2853 992 2932 dicemus,
1017 2873 1089 2916 cum
1111 2853 1251 2934 alioquin
1274 2862 1305 2916 et
1321 2873 1472 2936 quaepag.
1487 2867 1510 2913 tt

324 2945 516 3019 rumpuntur
544 2941 636 3000 inrita
652 2941 752 3019 fiant,
782 2939 826 3024 <ct
854 2959 931 3022 quac
957 2942 1060 3002 atatim
1083 2939 1122 3001 ab
1144 2941 1230 3000 initio
1252 2959 1314 3001 ecc
1337 2943 1406 3002 iure

1252 3109 1406 3126 »ΛΛΛΛΛΝΝΛᾺ

394 3197 470 3258 §tat
490 3195 669 3246 iere=1nst
688 3200 712 3261 4,
731 3200 772 3260 44,
792 3200 807 3244 4
828 3196 839 3260 11
855 3197 932 3258 §tte
951 3209 1039 3261 nsque
1058 3197 1092 3247 ad
1111 3199 1143 3246 44
1159 3198 1368 3259 primo=1nst
1382 3201 1404 3261 4,

327 3269 368 3330 47,
387 3268 401 3315 t
423 3265 434 3330 1
451 3269 537 3328 primo
555 3264 747 3329 commetario]
767 3269 790 3330 4,
810 3269 906 3315 459-4
915 3269 945 3315 64
967 3266 978 3330 11
998 3268 1076 3328 §tte
1089 3285 1122 3309 =
1135 3267 1198 3316 inst.
1218 3269 1242 3330 4,
1261 3269 1302 3330 47,
1323 3270 1347 3316 t.

1061 3418 1405 3434 WWWVWVWJWW

395 3525 405 3570 4
428 3521 562 3587 probatur
582 3521 724 3588 Goeaclteo,
742 3519 908 3588 pronatum?
935 3525 954 3572 t·
975 3522 987 3586 1
1012 3525 1025 3571 4
1043 3521 1158 3587 probata
1179 3522 1321 3588 Gocachen,
1344 3537 1406 3589 pro-

325 3591 373 3641 bat
388 3589 419 3640 '0
440 3591 452 3655 1
476 3595 490 3639 6
514 3603 586 3641 nouo
609 3603 643 3641 cc
664 3605 737 3643 noua
760 3595 903 3642 correctum
929 3591 948 3642 G
971 3592 982 3653 11
1006 3594 1037 3640 44
1062 3605 1093 3642 44
1119 3591 1263 3656 Goeschea,
1288 3605 1335 3642 eos
1362 3587 1406 3659 011

326 3663 357 3709 44
388 3673 421 3710 eo
454 3660 590 3724 Goeschea,
621 3672 668 3709 eos
690 3661 710 3712 G
732 3660 744 3724 1
768 3664 799 3708 44
823 3660 926 3711 iactum
952 3659 1093 3724 Goeschea,
1122 3659 1260 3710 iacturum
1288 3660 1319 3724 G,
1343 3674 1406 3725 per-

325 3728 429 3779 fectum
448 3729 509 3780 last.
534 3729 545 3792 11
569 3731 600 3778 44
625 3731 805 3780 orcobares
826 3728 856 3792 G,
881 3728 961 3778 heres
979 3741 1012 3778 ex
1030 3742 1063 3778 eo
1082 3729 1144 3780 lost.
1168 3728 1180 3792 1
1204 3732 1236 3778 44
1255 3730 1405 3780 cretionem

328 3796 465 3862 Goeschea,
485 3799 638 3861 ceptionem
659 3797 679 3849 0
701 3797 712 3862 11
736 3801 767 3848 44
787 3799 927 3848 institutus
945 3797 1015 3860 lost,
1034 3798 1156 3848 istitutus
1178 3797 1228 3860 011
1252 3800 1280 3846 44
1303 3797 1405 3862 quibus

328 3865 359 3930 0,
383 3867 411 3916 in
433 3867 475 3916 his
498 3867 560 3917 Iasi.
585 3867 621 3928 tut
643 3871 768 3918 orationis
790 3868 890 3916 hiatum
912 3862 1081 3928 evitarent?);
1111 3867 1223 3928 sortasse
1241 3879 1306 3916 nam
1327 3867 1404 3928 (aare.

326 3935 367 3998 441
399 3938 486 3996 potios
520 3937 654 3986 4444444444
687 3941 725 3986 ost
747 3936 758 3998 11
783 3939 814 3986 44
849 3933 1022 3984 infirmantur
1055 3935 1129 4000 lost,
1164 3934 1319 3985 infirmatur
1350 3934 1369 3985 0
1395 3933 1406 4000 11

325 4019 411 4069 ueluti
430 4034 492 4070 cum
510 4020 533 4070 is
551 4023 622 4084 lost,
640 4021 740 4072 uelutis
762 4020 848 4085 01146
868 4020 955 4084 capite
974 4019 1132 4070 deminutus
1150 4020 1227 4085 icat,
1249 4006 1341 4073 ius
1361 4017 1405 4154 Gn

327 4090 357 4136 44
395 4089 502 4138 accidat
540 4089 566 4154 O,
601 4091 702 4140 accidit
737 4090 798 4140 lust.
827 4089 839 4153 11
868 4093 900 4139 48
931 4087 1054 4139 dicemus
1087 4087 1116 4154 G,
1147 4089 1276 4140 dicuntur
1305 4092 1366 4142 last

327 4159 437 4220 49-45,
456 4161 470 4206 4
489 4154 520 4222 1)
538 4159 637 4208 addidit
656 4158 785 4208 Goeacheo
803 4171 838 4208 aa
856 4159 919 4208 inst.
