3094 4860
528 371 613 382 ..-
657 335 697 399 85
741 370 826 381 -..
1010 335 1032 384 11
1051 335 1213 397 §roe-ter

143 525 235 586 fuerit
258 543 372 606 344444,
397 525 449 587 uel
471 527 513 586 ita
535 545 591 586 srnr
615 545 736 604 nauare,
760 525 809 586 net
831 527 873 585 ita
896 542 1009 602 onrrro,
1033 543 1134 605 aeque
1156 543 1215 604 per

83 611 132 671 494
142 611 382 672 uindicationem
404 611 543 692 legatum
566 617 621 672 est.
669 611 742 673 ldeo
766 617 870 672 antem
892 629 951 690 per
972 610 1214 673 uindicationem

142 697 278 776 legatum
313 697 504 777 appellatur,
538 699 614 778 quio
639 704 710 777 post
737 696 851 758 aditam
878 697 1083 758 hereditatem
1112 698 1214 758 statim

142 803 179 842 ex
207 783 277 844 iure
301 783 468 856 Quiritium
497 802 549 844 res
572 783 712 865 legatarii
734 784 783 860 fit;
814 791 845 845 et
868 783 894 844 si
917 801 986 843 eam
1008 801 1076 844 rem
1098 781 1215 863 legata-

141 870 204 930 rius
235 869 290 930 uel
317 869 357 930 ab
386 869 504 930 herede
527 869 581 929 uel
602 868 642 930 ab
666 869 725 930 alio
749 887 949 949 quocumque
973 871 1028 949 qui
1051 886 1119 928 eam
1141 885 1238 947 pos-s

142 954 220 1016 sidet
248 962 360 1034 petat‚·
379 955 540 1038 uindicare
570 954 678 1034 debet,
707 955 739 1016 id
767 962 815 1016 est
840 954 1004 1016 intendere
1034 972 1122 1014 suem
1151 971 1215 1014 rane

23 1047 24 1060 ²
83 1041 131 1102 445
141 1058 179 1100 ex
204 1042 274 1102 iure
298 1041 465 1112 Quiritium
487 1059 568 1102 esse.
613 1042 648 1101 In
671 1059 707 1102 eo
730 1040 796 1101 solo
821 1040 1009 1102 dissentiunt
1030 1039 1213 1119 prudentes,

141 1125 224 1206 quod
248 1125 384 1189 Sabinus
407 1127 536 1208 quidem
560 1134 590 1188 44
613 1127 737 1190 Cassius
762 1129 921 1206 ceterique
944 1129 1042 1187 nostri
1063 1143 1216 1206 praecep-

139 1219 221 1273 tores
252 1211 338 1293 quod
366 1215 408 1273 ita
429 1213 568 1294 legatum
591 1214 631 1274 sit
653 1214 755 1274 statim
777 1219 849 1292 post
870 1211 986 1273 aditam
1009 1211 1214 1273 hereditatem

139 1305 249 1376 putant
276 1299 344 1359 fieri
372 1298 526 1379 legatarii,
563 1300 683 1360 etiamsi
709 1300 831 1379 ignoret
860 1298 921 1360 sibi
948 1298 1086 1379 legatum
1111 1295 1115 1380 Ι
1144 1315 1255 1361 433444

140 1381 342 1464 [dimissum],
375 1385 431 1445 sed
463 1392 669 1465 posteaquam
698 1386 803 1446 scierit
829 1390 859 1445 et
880 1419 1034 1426 —--
1056 1381 1213 1466 legaltum,

140 1470 270 1548 proinde
298 1488 368 1531 esse
399 1476 493 1551 atque
521 1472 547 1532 si
575 1469 713 1551 legatum
739 1489 801 1530 non
830 1477 930 1546 esset;
957 1471 1062 1531 Nerua
1083 1487 1160 1530 uero
1184 1478 1215 1530 et

141 1556 288 1616 Procrdus
312 1559 472 1637 ceterique
493 1556 579 1617 illius
603 1555 726 1617 scholae
749 1563 893 1617 auctores
915 1574 977 1616 non
997 1555 1090 1616 aliter
1103 1562 1215 1635 putant

140 1658 205 1702 rem
232 1642 374 1722 legatarii
396 1643 480 1722 fieri,
507 1661 601 1723 quam
625 1645 651 1702 si
673 1641 810 1703 uoluerit
832 1660 901 1704 eam
924 1641 964 1702 ad
987 1659 1022 1703 se
1044 1645 1212 1721 pertinere.
1225 1658 1256 1705 44

141 1727 196 1788 sed
222 1727 316 1789 hodie
345 1747 385 1788 ex
413 1728 478 1790 diui
505 1731 549 1789 Pii
577 1726 722 1789 Antonini
749 1725 759 1812 44
786 1729 1003 1789 constitutione
1029 1728 1088 1788 hoc
1115 1729 1214 1808 magis
1223 1754 1283 1807 pag.
1296 1744 1345 1792 444

143 1814 209 1874 iure
232 1815 278 1875 uti
300 1813 455 1892 uidemur,
480 1814 566 1896 quod
589 1814 718 1875 Proculo
741 1814 872 1894 placuit;
901 1833 973 1874 nam
996 1832 1068 1874 cum
1090 1813 1214 1894 legatus

141 1898 251 1961 fuisset
281 1902 407 1961 Latinus
429 1919 487 1981 per
508 1900 749 1971 uindicationem
773 1900 923 1976 coloniae,
953 1899 1145 1980 Deliberant,
1167 1901 1215 1960 in-

142 1987 219 2064 quit,
251 1984 451 2065 decuriones,
481 2004 520 2046 an
543 1985 584 2047 ad
607 2005 640 2048 se
663 1986 763 2048 uelint
784 1987 952 2066 pertinere,
974 1985 1106 2066 proinde
1129 2004 1165 2046 ac
1188 1987 1215 2048 si

81 2068 193 2131 tithoni
215 2071 339 2153 legatus
362 2080 454 2134 esset.
494 2075 556 2134 Eae
579 2080 685 2134 autem
707 2073 794 2134 solae
817 2089 869 2134 res
891 2091 949 2152 per
971 2071 1213 2133 uindicationem

141 2155 286 2238 legantur
318 2165 420 2237 recte,
455 2177 536 2239 quae
571 2178 610 2219 ex
637 2161 706 2220 iure
737 2153 902 2230 Quiritiu'm
931 2159 1031 2238 ipsius
1057 2160 1213 2220 testatoris
1225 2175 1255 2223 44

142 2250 220 2304 sunt.
265 2243 322 2306 sed
346 2262 399 2306 eas
423 2245 552 2324 quidem
574 2263 626 2305 res
649 2263 731 2324 quae
753 2243 895 2324 pondere
917 2261 1049 2305 numero
1065 2262 1214 2305 mensura

142 2335 281 2390 constant
307 2330 427 2410 placuit
454 2331 614 2408 sufficere,
644 2332 670 2391 si
698 2331 805 2390 mortis
835 2336 975 2409 tempore
1000 2331 1060 2391 sint
1083 2349 1123 2390 ex
1144 2331 1212 2390 iure

141 2415 305 2486 Quiritium
327 2419 493 2496 testatoris,
525 2415 621 2478 ueluti
642 2417 752 2477 uinum
775 2415 880 2476 oleum
902 2415 1095 2476 frumentum
1116 2433 1214 2495 pecu-

140 2503 220 2562 niam
242 2509 447 2563 numeratam.
487 2510 605 2564 ceteras
628 2520 680 2564 res
695 2519 772 2562 uero
787 2501 905 2581 placuit
919 2507 1055 2582 utroque
1071 2509 1213 2580 tempore

140 2590 293 2649 testatoris
328 2607 368 2648 ex
395 2591 464 2650 iure
493 2589 659 2662 Quiritium
688 2606 757 2649 csse
787 2587 921 2666 dehere,
956 2586 988 2647 id
1017 2593 1065 2648 est
1092 2595 1123 2647 et
1150 2603 1254 2667 quaes

140 2673 256 2734 faceret
275 2679 497 2736 testamentum
520 2681 550 2736 et
573 2693 634 2754 quo
657 2679 844 2751 moreretur-3
873 2673 1011 2753 alioquin
1032 2673 1142 2734 inutile
1166 2680 1214 2734 est

80 2753 285 2840 ttilegatum.
335 2761 399 2822 Sed
426 2779 501 2822 sane
530 2761 589 2821 hoc
618 2763 660 2822 ita
687 2767 735 2821 est
761 2761 831 2821 iure
858 2758 951 2821 ciuili.
996 2766 1106 2838 postea
1134 2777 1212 2821 uero

140 2853 264 2907 auctore
287 2846 409 2908 Nerone
433 2847 565 2910 Caesare
593 2845 900 2908 senatusconsultum
931 2845 1127 2924 factumest,
1151 2864 1212 2926 quo

204 3153 310 3217 aquia]
341 3151 392 3203 02?
420 3154 529 3218 Sandan,
556 3155 603 3217 qui
633 3153 663 3204 01
687 3156 730 3204 oet
754 3153 774 3204 C
795 3153 807 3217 ΙΙ
830 3157 857 3203 44
887 3155 1030 3205 dimissum
1054 3155 1213 3217 (cornaptmn

140 3233 171 3270 ea
189 3219 368 3284 demissumil
386 3223 513 3286 classone
530 3223 625 3275 delenit
642 3223 758 3274 Hnsctlce
780 3222 792 3286 ΙΙ
816 3223 865 3272 sed
886 3223 1021 3288 64444444,
1041 3226 1068 3272 44
1088 3221 1140 3291 011Ι
1153 3228 1213 3284 post

138 3291 230 3340 scierit
256 3293 317 3353 qnid
342 3294 370 3341 tn
400 3289 419 3340 G
442 3291 522 3353 suerit
549 3291 621 3354 (cons.
649 3291 704 3356 04),
731 3294 781 3342 dici
807 3292 905 3355 neqntt;
935 3297 1053 3354 eapectes
1078 3294 1105 3341 et
1131 3305 1212 3356 repu-

136 3357 263 3424 diauerit;
290 3361 383 3410 codicis
404 3359 423 3410 G
444 3361 536 3410 ductas
562 3361 596 3409 ad
614 3363 641 3410 44
663 3360 795 3423 celsslerit
815 3363 953 3424 quadrant,
975 3362 1041 3422 qood
1068 3365 1153 3411 tomen
1179 3361 1211 3409 ab

136 3428 209 3477 taius
239 3429 288 3478 toci
316 3431 443 3480 sententio
472 3429 585 3478 attensem
614 3433 663 3494 cst,
697 3430 739 3478 net
775 3431 810 3478 aet
839 3430 956 3492 eiecerit,
985 3431 1053 3479 ande
1079 3428 1211 3490 profectas

136 3495 230 3560 Fittinp
253 3499 359 3548 coniecit
381 3493 415 3563 444
439 3494 584 3563 reliecerit,
612 3499 679 3560 qood
705 3502 791 3548 tamen
811 3510 863 3547 nso
884 3499 1003 3558 loquendi
1025 3499 1141 3547 sollemni
1161 3499 1210 3545 nica

135 3567 326 3616 commendatur
348 3566 360 3630 l
382 3579 476 3616 uersos
498 3568 590 3614 4-44
613 3569 651 3616 ita
671 3567 842 3616 restituendos
864 3579 919 3616 esse
941 3569 1033 3617 conicit
1056 3567 1208 3616 Mommsen:

135 3635 224 3684 stetim
243 3637 305 3698 post
322 3635 423 3685 editam
442 3635 621 3686 hereditatem
637 3636 734 3700 putent
751 3633 808 3683 ficri
826 3634 959 3698 legatarii,
981 3635 1087 3684 etiamsi
1105 3635 1211 3696 ignoret

135 3702 186 3752 sihi
204 3703 322 3766 legatum
341 3705 487 3754 demissum
510 3717 578 3767 esse;
607 3705 785 3768 posteaquam
816 3703 909 3753 scierit
938 3705 965 3752 et
993 3704 1110 3754 emiserit
1139 3703 1210 3765 lege·

135 3775 199 3836 tum,
228 3772 344 3837 proinde
373 3785 432 3823 esse
462 3774 544 3836 etque
573 3773 596 3822 si
626 3773 745 3835 legatum
774 3784 829 3821 non
859 3771 964 3834 4334411
988 3775 1019 3820 44
1043 3772 1122 3822 aliter
1146 3771 1210 3822 Gae-

135 3841 219 3903 saten,
246 3841 352 3893 eliteG
378 3840 390 3904 11
420 3845 450 3890 44
478 3843 606 3892 uidemur
630 3841 770 3902 Goescten,
796 3840 991 3890 uideuidemur
1015 3839 1035 3890 C
1061 3840 1072 3903 ΙΙ
1100 3843 1131 3888 44
1162 3853 1211 3902 per

137 3907 276 3975 Goescten,
293 3923 343 3975 pro
364 3907 383 3960 C
405 3909 416 3974 ΙΙ
440 3913 472 3960 49
497 3924 545 3960 444
563 3911 720 3973 Lachmann,
739 3905 805 3959 ade?
826 3907 856 3972 05
879 3909 944 3971 eoos.
966 3909 998 3960 0³
1020 3908 1032 3972 ΙΙ
1056 3912 1087 3958 44
1106 3911 1210 3958 ceteras

135 3989 177 4026 443
204 3992 269 4028 uero
294 3977 340 4042 01¹,
374 3977 467 4029 Gaiana
494 3981 598 4029 ceteras
627 3991 692 4029 uero
716 3982 763 4028 aut
780 3980 884 4028 ceteras
910 3991 976 4028 uero
1003 3990 1048 4028 res
1075 3980 1210 4040 scripsisse

134 4049 271 4108 suspiceris
293 4047 306 4111 11
329 4051 361 4096 46
385 4045 487 4098 4444444
511 4047 652 4112 Goescten,
675 4047 765 4097 iacere
786 4046 806 4097 C
828 4047 839 4110 41
863 4049 904 4096 444
925 4045 971 4112 0⁰,
989 4059 1049 4097 esse
1068 4043 1210 4112 Hosctte'll

135 4117 165 4163 44
184 4129 237 4178 qno
257 4116 394 4180 Goeseten,
411 4117 487 4180 quod
508 4116 534 4168 C.
