3094 4860
564 420 647 429 .-
693 386 753 446 117
797 421 882 431 -,.
1077 386 1112 434 111
1131 385 1260 447 §ec—re

135 571 239 633 idest.
292 571 356 632 Sed
386 574 411 633 si
440 591 512 633 cum
535 572 643 634 liberis
673 575 738 635 suis
768 576 860 635 etiam
894 581 1078 636 extraneum
1111 575 1262 637 heredem

183 665 332 737 patronus
360 658 537 738 reliquerit,
565 659 690 720 Coelius
714 659 850 722 Sabinus
873 663 915 720 ait
936 667 1000 720 tota
1025 660 1108 722 bona
1134 680 1191 740 pro
1214 665 1262 724 ui-

183 744 295 806 rilibus
324 745 469 824 partibus
498 744 539 805 ad
567 745 685 806 liberos
716 745 855 807 defuncti
883 749 1056 826 pertinere,
1087 751 1159 828 quia
1189 766 1262 809 cum

183 838 351 892 extraneus
372 831 465 892 heres
488 833 666 910 interuenit,
690 850 752 892 non
775 832 870 894 habet
890 832 943 894 lex
959 833 1046 893 lucia
1067 832 1181 914 locum,
1205 833 1263 895 sed

183 916 501 979 senatusconsultum.
541 916 709 980 Iauolenus
732 926 836 979 autem
853 921 896 978 ait
913 925 1034 979 tantum
1050 937 1119 980 eam
1141 928 1286 1000 partemr,

184 1023 222 1064 ex
251 1003 523 1064 senatusconsulto
553 1003 671 1066 liberos
705 1007 828 1083 patroni
857 1023 914 1083 pro
943 1004 1090 1066 uirilibus
1118 1005 1261 1085 partibus

182 1089 345 1150 habituros
369 1107 448 1168 esse,
473 1107 568 1170 quam
592 1093 732 1152 extranei
754 1090 890 1152 heredes
913 1099 984 1152 ante
1008 1091 1264 1154 senatusconsul-

182 1183 249 1237 tum
276 1175 348 1256 lege
372 1177 459 1236 lunia
485 1175 623 1236 habituri
651 1183 768 1254 essent,
800 1177 940 1258 reliquas
970 1195 1046 1238 uero
1073 1185 1178 1258 partes
1206 1197 1263 1258 pro

134 1261 167 1322 7l
182 1261 380 1323 hereditariis
402 1261 547 1341 partibus
570 1261 611 1322 od
635 1281 687 1324 eos
711 1265 877 1343 pertinere.
925 1265 1002 1324 Item
1025 1267 1197 1344 quaeritur,
1224 1283 1263 1324 an

183 1349 242 1410 hoc
264 1348 573 1410 senatusconsultum
596 1347 637 1408 ad
660 1367 713 1410 eos
736 1351 858 1428 patroni
881 1348 998 1410 liberos
1021 1351 1184 1430 pertineat,
1209 1353 1304 1431 quito

184 1452 223 1495 ex
245 1434 310 1495 filia
331 1441 468 1514 nepteue
490 1442 705 1515 procreantur,
730 1434 827 1496 idest
845 1443 881 1496 ut
901 1453 1001 1514 nepos
1024 1455 1114 1497 meus
1138 1456 1178 1498 ex
1200 1436 1264 1497 filia

183 1523 284 1600 potior
307 1522 347 1581 sit
369 1522 400 1580 in
423 1521 513 1582 honis
536 1523 633 1582 Latini
657 1523 717 1582 mei
741 1539 835 1600 quam
858 1529 1026 1584 extraneus
1049 1523 1151 1584 heres.
1189 1526 1264 1584 item

184 1601 257 1688 (ort)
281 1605 323 1667 ad
351 1614 509 1668 maternos
538 1609 660 1668 Latinos
687 1608 746 1668 hoe
774 1608 1080 1669 senatusconsultum
1109 1611 1265 1687 pertineat

185 1695 360 1773 quaeritur,
389 1693 422 1754 id
445 1700 493 1754 est
514 1699 550 1754 ut
571 1695 602 1754 iu
625 1693 716 1754 bonis
740 1695 838 1754 Latini
864 1697 997 1755 materni
1023 1697 1125 1774 potior
1148 1697 1187 1755 sit
1208 1713 1264 1774 pa-

184 1787 291 1840 tronae
315 1779 398 1840 filius
423 1797 517 1860 quam
543 1780 636 1841 heres
662 1786 830 1840 extraneus
858 1783 973 1842 matris.
1020 1781 1124 1843 Cassio
1147 1781 1304 1860 placuitre

184 1873 319 1945 utroque
342 1883 419 1926 casu
441 1865 544 1926 locum
567 1883 638 1927 esse
668 1866 949 1927 senatusconsulto.
995 1866 1054 1928 sed
1075 1868 1169 1928 huius
1192 1885 1264 1928 seu-

184 1953 311 2012 tentiam
344 1950 489 2032 plerique
521 1951 704 2031 inprobant,
739 1955 813 2032 quia
847 1960 973 2014 senatus
1003 1952 1042 2014 de
1072 1953 1120 2014 his
1153 1953 1263 2014 liberis

188 2035 409 2118 [patronarum]
432 2037 508 2098 nihil
531 2040 655 2117 sentiat,
681 2041 735 2118 qui
758 2037 849 2098 aliam
873 2039 1021 2099 familiam
1044 2047 1261 2120 sequerentur.

183 2123 281 2204 idque
302 2142 393 2185 exeo
417 2131 557 2203 apparet,
582 2123 667 2205 quod
690 2126 871 2184 nominatim
895 2124 1102 2187 exheredatos
1126 2144 1264 2186 summo-

184 2217 246 2286 uet3
274 2227 347 2270 nam
373 2209 501 2271 uidetur
524 2210 564 2271 de
586 2211 634 2271 his
662 2213 777 2271 sentire
802 2212 855 2291 qui
883 2210 1071 2272 exheredari
1093 2231 1109 2272 a
1132 2218 1304 2290 parentem

185 2295 299 2376 solent,
334 2297 360 2357 si
389 2296 524 2358 heredes
558 2315 620 2358 non
654 2299 869 2372 instituantur3
905 2315 1008 2376 neque
1038 2305 1143 2358 autem
1174 2299 1264 2358 metri

185 2381 284 2444 filium
311 2382 463 2462 filiamue,
493 2401 599 2462 neque
627 2381 719 2461 1111011
743 2391 884 2443 materno
911 2390 1055 2462 nepotem
1084 2390 1331 2466 neptemue,pag.
1348 2403 1395 2450 rto

185 2471 307 2530 sicum
331 2487 442 2530 eamue
468 2469 619 2530 heredem
642 2487 704 2529 non
730 2470 883 2548 instituat,
912 2468 1107 2530 exheredare
1133 2487 1263 2530 neeesse

185 2561 245 2632 est,
277 2556 345 2616 siue
369 2554 409 2616 de
437 2557 506 2616 iure
535 2555 619 2616 ciuili
648 2573 852 2636 quaeramus,
884 2555 952 2615 siue
977 2554 1016 2615 de
1045 2554 1143 2615 edicto
1171 2573 1261 2634 prae·

184 2643 274 2719 toris,
302 2659 364 2721 quo
391 2643 567 2720 praeteritis
594 2640 702 2702 liberis
726 2649 833 2702 contra
858 2639 982 2702 tabulas
1008 2643 1186 2702 testamenti
1207 2641 1305 2707 bo-as

184 2745 297 2787 norum
319 2729 478 2806 possessio
500 2729 699 2807 promittitur.

136 2813 174 2876 72
270 2812 448 2894 Aliquando
471 2821 576 2874 tamen
598 2815 676 2874 ciuis
693 2816 849 2875 Romanus
871 2812 1006 2876 libertus
1029 2819 1189 2895 tamquam
1209 2816 1265 2874 La-

185 2900 268 2959 tinus
298 2902 443 2979 moritur,
472 2899 562 2960 uelut
585 2901 611 2960 si
634 2902 759 2960 Latinus
788 2899 876 2960 saluo
904 2901 972 2960 iure
998 2902 1122 2979 patroni
1145 2898 1184 2960 ab
1208 2902 1265 2960 im-

185 2991 328 3064 peratore
355 2987 404 3046 ius
433 2987 599 3057 Quiritium
629 2992 817 3048 consecutus
845 2986 947 3047 fuerit.
992 3004 1079 3066 nam,
1108 2994 1144 3048 ut
1171 2985 1264 3047 diuus

184 3073 336 3132 Troianos
360 3074 530 3149 constituit,
559 3075 585 3133 si
607 3075 733 3134 Latinus
755 3075 853 3133 inuito
875 3072 930 3134 uel
952 3074 1113 3154 ignorante
1135 3081 1306 3152 patronoue

184 3158 232 3218 ius
256 3158 422 3230 Quiritium
450 3157 490 3220 ab
514 3160 703 3238 imperatore
731 3165 918 3220 consecutus
947 3160 999 3238 sit,
1032 3158 1160 3239 [quibus
1188 3161 1267 3220 casi-

184 3241 255 3324 bus]
287 3243 362 3305 dum
391 3246 472 3305 uiuit
498 3246 557 3306 iste
587 3245 737 3324 libertus,
769 3247 881 3306 ceteris
909 3245 1033 3306 ciuibus
1056 3247 1200 3305 Romanis
1228 3245 1266 3304 li-

185 3329 281 3390 bertis
305 3330 414 3390 similis
439 3333 541 3392 estet
562 3333 661 3393 iustos
683 3330 802 3393 liberos
824 3338 983 3412 procreat,
1006 3333 1137 3391 moritur
1160 3338 1264 3390 autem

184 3417 281 3476 Latini
304 3419 386 3496 iure,
415 3435 473 3477 nee
497 3419 526 3478 ei
547 3417 640 3478 liberi
664 3420 732 3478 eius
755 3416 888 3479 heredes
912 3435 982 3478 esse
1005 3423 1152 3496 possunt;
1181 3417 1264 3476 etin

1214 3565 1264 3579 *NV

254 3657 264 3702 1
288 3656 328 3703 set
349 3653 486 3719 Goesctcu,
505 3656 529 3704 ei
551 3653 570 3704 C
588 3655 600 3718 11
621 3658 635 3702 2
656 3654 761 3704 Caelius
783 3654 919 3718 Goescteo,
939 3651 1050 3720 stelles?
1072 3654 1091 3704 0
1111 3655 1122 3717 11
1145 3657 1158 3702 1
1178 3655 1264 3703 extre·

186 3734 253 3772 oeus
275 3722 411 3787 demetere,
430 3729 573 3774 extraneos
595 3724 614 3775 C
632 3723 642 3788 11
661 3725 739 3773 heres
761 3723 897 3786 erescere,
917 3717 1060 3789 heresldes'
1081 3723 1132 3786 (ric)
1155 3720 1180 3787 0,
1199 3722 1264 3784 coos.

189 3791 220 3842 0⁸
235 3805 296 3855 pop.
317 3792 394 3840 XXX
410 3797 461 3842 cot.
479 3791 569 3856 111113
590 3807 623 3842 an
644 3793 742 3842 odorere
763 3792 892 3842 Goescteo
904 3791 915 3854 11
930 3795 959 3841 18
978 3795 1156 3855 patronarum
1178 3791 1207 3852 03
1232 3805 1265 3841 ero

186 3859 251 3922 sulse
273 3861 425 3923 plessemote
448 3866 539 3910 cotom
560 3864 665 3912 uidetur
687 3873 743 3910 esse
763 3859 773 3922 11
795 3864 827 3909 19
851 3862 1006 3910 summouet
1027 3861 1166 3924 Goesrtec,
1191 3871 1265 3909 som·

189 3928 296 3978 mobeat
312 3929 342 3993 03
361 3935 466 3980 seruato
485 3932 656 3980 summouent
672 3931 834 3980 coniunctior
848 3933 933 3991 possis
946 3942 1004 3979 com
1017 3930 1172 3978 Poteooorr‘o
1184 3942 1265 3990 sopra

185 4011 252 4048 cers.
266 4004 297 4048 19
311 4001 440 4061 corripere
452 4012 583 4063 apparere
595 3999 606 4064 1
619 4003 650 4048 22
665 4001 790 4063 nepotem
804 3997 940 4062 demetere,
952 3999 1044 4061 uptam
1059 3998 1100 4060 01
1113 4001 1144 4048 hl
1159 3997 1193 4047 de
1205 4003 1266 4048 oute

187 4067 245 4116 iure
264 4081 347 4129 supro
364 4081 471 4116 eorsum
489 4071 604 4118 additum
624 4067 664 4128 01
677 4069 765 4117 edicto
787 4067 924 4132 Goescteo,
943 4068 1067 4117 exedicto
1087 4066 1180 4131 01130
1200 4067 1265 4117 Tre-

187 4136 264 4187 ianus
285 4137 422 4200 Goeschen,
441 4139 563 4188 troianos
586 4138 605 4188 G
621 4137 632 4200 11
651 4140 678 4186 31
701 4138 782 4187 uerbo
800 4136 900 4199 quihus
919 4137 1029 4187 casibus
1047 4138 1141 4187 deleuit
1159 4137 1266 4187 Momm·

187 4204 259 4268 111111
278 4209 310 4254 st
330 4205 445 4256 heredes
463 4219 524 4257 esse
544 4207 681 4271 Gooscteo,
700 4206 845 4256 heredesse
866 4204 892 4256 C.
