3094 4860
332 352 355 402 u
373 353 502 415 ear-os
719 385 805 398 .-
849 349 890 414 99
934 383 1020 396 ....

332 557 418 618 mus;
446 550 477 603 et
505 543 728 602 conuenienter
755 541 875 604 scilicet
902 540 1041 622 legatum
1068 557 1128 620 per
1154 557 1207 601 eos
1236 539 1329 602 nobis
1357 541 1415 602 ad·

281 630 322 690 88
332 631 474 711 quiritur.
521 626 598 688 dum
619 634 723 688 tamen
746 631 889 706 sciamus,
913 630 940 688 si
962 626 1092 688 alterius
1114 628 1145 687 iu
1167 625 1260 687 bouis
1282 629 1323 688 sit
1345 644 1415 688 eer-

331 733 407 796 uus,
431 713 560 775 alterius
583 731 624 775 ex
645 715 714 774 iure
737 715 918 794 Quiritium,
942 733 983 775 ex
1004 712 1151 774 omnibus
1171 715 1277 774 causis
1299 715 1330 774 ei
1353 713 1414 774 soli

281 803 321 862 89
331 819 389 882 per
414 817 488 861 eum
515 798 653 880 adquiri,
682 801 772 861 cuius
800 803 831 861 in
860 799 951 860 bonis
980 807 1037 862 est.
1082 800 1149 860 Non
1177 798 1281 860 solum
1304 807 1413 862 autem

330 889 506 966 proprietas
538 903 597 965 per
623 903 676 947 eos
703 904 783 966 quos
810 889 842 946 in
868 893 1022 966 potestate
1049 885 1203 947 habemus
1232 884 1437 966 adquiriturt

330 971 438 1051 uobis,
467 970 524 1034 sed
551 974 644 1032 etiam
672 973 845 1050 possessio;
873 974 963 1033 cuius
992 974 1075 1033 euim
1101 974 1148 1033 rei
1176 973 1413 1051 possessiouem

330 1057 435 1138 adepti
462 1058 592 1136 4444444,
621 1057 654 1118 id
676 1075 734 1119 uos
756 1057 920 1138 possidere
942 1057 1105 1134 uidemur;
1127 1057 1214 1119 unde
1237 1059 1331 1119 etiam
1353 1076 1414 1138 per

280 1146 383 1206 90eos
413 1146 564 1223 usucapio
593 1142 744 1222 procedit.
796 1145 855 1206 Per
883 1161 936 1206 eas
966 1161 1043 1206 uero
1072 1160 1241 1224 personas,
1268 1159 1350 1224 quas
1378 1145 1411 1206 iu

330 1247 425 1292 mauu
452 1232 648 1309 mancipioue
675 1229 844 1310 habemus,
873 1232 1049 1309 proprietas
1078 1228 1208 1310 quidem
1229 1227 1412 1310 adquiritur

328 1315 420 1378 nobis
449 1335 490 1378 ex
516 1315 662 1377 omuibus
694 1319 810 1396 causis,
839 1318 921 1377 sicut
947 1333 1006 1396 per
1032 1334 1085 1378 eos
1114 1317 1169 1396 qui
1195 1318 1227 1377 iu
1253 1324 1451 1395 potestatem
1535 1311 1536 1378 ξ

329 1411 436 1464 nostra
463 1410 550 1478 sunt3
580 1419 619 1462 44
648 1409 753 1463 autem
775 1405 934 1482 possessio
956 1402 1157 1482 adquiratur,
1186 1404 1296 1482 quaeri
1320 1401 1409 1480 solet,

279 1490 313 1551 94
330 1491 404 1569 quia
426 1491 510 1568 ipsas
537 1505 599 1549 uon
627 1487 836 1568 possidemus.
882 1490 926 1550 444
948 1489 997 1549 his
1019 1496 1125 1548 autem
1148 1490 1258 1566 seruis,
1283 1489 1315 1549 in
1338 1491 1412 1570 qui·

328 1574 390 1636 bus
416 1582 538 1636 tantum
568 1574 801 1636 usumfructum
831 1574 999 1653 habemus,
1030 1577 1072 1634 ita
1094 1571 1227 1655 placuit,
1255 1582 1292 1634 ut
1311 1573 1410 1654 quid-

329 1661 407 1741 quid
435 1681 476 1722 ex
502 1671 538 1721 re
565 1667 672 1721 uestra
694 1659 749 1721 uel
772 1679 811 1722 ex
834 1663 937 1740 operis
960 1662 1025 1722 suis
1048 1659 1234 1741 adquirunt,
1260 1659 1293 1721 id
1316 1660 1410 1722 uobis

328 1746 525 1828 adquiratur;
554 1745 640 1826 quod
666 1764 744 1807 uero
772 1755 861 1808 extra
891 1765 944 1809 eas
967 1763 1092 1826 causas,
1120 1745 1154 1807 id
1181 1745 1223 1807 ad
1246 1745 1450 1808 dominumta
1535 1731 1536 1796 3

328 1835 527 1914 proprietatis
549 1834 714 1911 pertineat.
748 1835 855 1914 itaque
878 1836 904 1895 si
925 1836 985 1894 4444
1007 1849 1122 1894 seruus
1137 1833 1230 1895 heres
1245 1834 1408 1894 institutus

329 1921 369 1980 sit
390 1917 571 1999 legatumne
595 1917 680 1999 quod
704 1920 733 1979 ei
755 1917 863 1980 datum
886 1921 989 1998 444444,
1016 1937 1080 1979 444
1102 1919 1177 1979 mihi
1199 1917 1258 1980 sed
1280 1917 1407 1980 domino

278 2005 317 2066 92
327 2003 526 2084 proprietatis
557 2003 743 2086 adquiritur.
797 2004 884 2066 Idem
915 2005 1019 2086 placet
1049 2004 1089 2066 de
1118 2024 1155 2066 eo
1185 2006 1241 2086 qui
1266 2023 1285 2065 a
1314 2003 1407 2067 uobis

328 2091 411 2152 bona
437 2090 500 2152 fide
527 2089 724 2170 possidetur,
747 2089 759 2171 ΙΙ
780 2093 848 2152 4444
877 2091 960 2154 liber
982 2092 1111 2152 4444444
1134 2091 1256 2152 alienus
1280 2109 1405 2153 seruus.
1415 2119 1474 2172 pag.
1486 2110 1511 2157 44
1527 2055 1536 2066 ’ἵ

328 2177 414 2256 quod
441 2171 524 2238 euim
550 2175 669 2256 placuit
691 2176 731 2238 de
754 2177 1003 2257 usufructuario,
1029 2175 1114 2238 idem
1136 2177 1290 2256 probatur
1311 2180 1448 2242 etiamao

328 2262 368 2324 de
399 2262 501 2344 bonae
532 2261 606 2324 fidei
631 2279 824 2342 possessore.
874 2267 978 2344 itaque
1000 2262 1082 2344 quod
1112 2271 1201 2324 extra
1227 2262 1307 2324 duas
1330 2266 1405 2325 44444

328 2367 439 2411 causas
469 2348 661 2430 adquiritur,
692 2348 723 2410 id
751 2349 805 2411 uel
828 2349 868 2411 ad
891 2351 995 2430 ipsum
1016 2349 1165 2429 pertinet,
1194 2349 1219 2410 si
1242 2348 1403 2427 liberast,

277 2434 381 2498 93444
404 2435 444 2496 ad
468 2434 639 2515 dominum,
663 2437 689 2497 si
712 2453 826 2497 seruus
849 2442 901 2497 est.
940 2435 1002 2498 Sed
1024 2435 1127 2497 honae
1149 2433 1224 2496 fidei
1239 2453 1406 2515 possessor

663 2588 721 2600 JWV

395 2658 455 2719 §8⁹
473 2669 561 2722 usque
580 2656 615 2708 ad
633 2659 647 2706 ’4
664 2670 715 2720 par
732 2676 764 2699 =
784 2658 843 2721 Dig.
858 2659 899 2722 44,
918 2661 941 2721 4,
961 2661 1001 2723 44,
1020 2661 1048 2721 23
1066 2659 1127 2720 §89
1145 2669 1235 2722 usque
1254 2657 1290 2708 ad
1310 2662 1324 2707 8
1342 2673 1404 2708 4444-

326 2725 532 2787 copto=1ust
551 2729 575 2788 4,
596 2729 619 2787 9,
641 2728 655 2773 4
674 2725 758 2790 ngat
782 2746 814 2770 =
832 2725 891 2789 1449.
905 2727 945 2791 44,
964 2730 988 2791 4,
1007 2731 1048 2791 44,
1068 2729 1095 2789 3;
1113 2728 1179 2776 4444.
1195 2730 1218 2791 2,
1237 2730 1261 2791 4,
1282 2729 1295 2776 4
1314 2727 1326 2789 ΙΙ
1342 2728 1358 2789 ‘³'
1373 2731 1403 2776 444

325 2795 433 2912 {mlii}
452 2796 536 2912 glut,
555 2797 596 2856 44,
617 2796 643 2858 4;
662 2793 718 2844 4444
737 2813 769 2837 =
787 2795 851 2845 lust.
870 2799 895 2855 2,
916 2798 938 2858 9,
959 2795 1068 2859 twa
1088 2814 1120 2838 =
1138 2795 1195 2859 Dig.
1209 2799 1249 2860 tl,
1269 2799 1293 2859 4,
1313 2799 1355 2858 44,
1374 2801 1403 2859 4;

385 2899 391 2912 .
426 2902 433 2924 ,
470 2901 476 2925 ,
513 2899 519 2912 .

942 2981 1404 3000 mma-§mmmmm

395 3069 405 3114 4
430 3067 625 3116 conuenienter
650 3067 762 3132 04444,
785 3067 828 3118 his
850 3070 1046 3120 conuenienter
1064 3069 1123 3134 4449.
1151 3069 1162 3138 ΙΙ
1190 3083 1241 3136 per
1258 3082 1305 3120 eos
1323 3069 1403 3120 nohis

327 3133 451 3199 0444444,
473 3134 554 3186 nobis
571 3148 621 3200 per
642 3136 759 3186 eundem
779 3137 839 3200 4449.
869 3137 879 3204 ΙΙ
909 3139 1062 3190 4444444444
1083 3139 1212 3190 04444444
1250 3140 1337 3190 eciam
1359 3137 1404 3206 014

326 3205 339 3253 4
357 3216 408 3268 per
428 3204 565 3269 Goesctan,
583 3218 633 3269 pro
656 3202 701 3270 014
718 3205 827 3270 adquiri
848 3206 984 3269 04444444,
1002 3208 1156 3272 adquiritur
1177 3177 1321 3271 elbonis
1336 3207 1404 3259 Goa-

323 3273 408 3337 44444,
427 3273 493 3323 honi
514 3271 556 3337 Gi
570 3277 584 3322 6
603 3274 682 3324 44444
703 3273 730 3338 0,
748 3275 946 3340 cuiuscumque
959 3277 1018 3340 4449
1034 3275 1250 3342 4444114449444
1266 3277 1403 3342 04444444,

324 3343 382 3408 ipsa
404 3342 424 3393 0
443 3341 505 3405 1144
525 3343 616 3407 operis
638 3343 658 3394 0
675 3341 743 3406 4449,
762 3343 892 3407 operibus
908 3345 970 3396 4444.
987 3346 998 3408 ΙΙ
1018 3347 1164 3410 adquirant
1183 3345 1244 3408 4449.
1264 3347 1336 3408 lost,
1356 3345 1403 3396 ad·

323 3412 435 3476 quirunt
449 3410 535 3474 01444
548 3411 707 3475 adquiratur
721 3411 823 3476 04449,
840 3413 974 3464 adiciatur
987 3415 1048 3466 4444.
1061 3414 1073 3478 ll
1089 3415 1162 3479 quod
1178 3413 1281 3480 Glost,
1299 3416 1323 3465 ei
1336 3416 1403 3479 quid

323 3480 383 3545 4449.
395 3479 406 3542 11
419 3493 515 3531 causas
530 3479 557 3544 0,
569 3493 666 3531 444444
678 3483 815 3544 persecuti
827 3482 882 3532 siut
894 3482 952 3546 4449.
967 3485 1031 3545 (4444
1042 3485 1172 3546 suppleuit
1182 3496 1276 3534 manus
1288 3485 1403 3534 44444444

322 3552 351 3599 io
368 3549 450 3614 4449),
468 3561 564 3600 causes
582 3551 715 3614 persecuti
735 3553 800 3601 suut
816 3550 879 3601 4444.
901 3549 911 3618 ss
935 3554 968 3600 44
990 3553 1125 3616 pertineat
1149 3553 1261 3616 04444,
1284 3553 1402 3617 perticat

324 3619 383 3682 4449.
407 3613 418 3686 n
439 3620 490 3668 iste
511 3617 538 3681 0,
557 3620 580 3669 44
599 3619 659 3683 4449.
680 3619 743 3669 4444.
767 3617 778 3685 ΙΙ
800 3624 831 3669 44
851 3619 1005 3683 4494444444
1028 3623 1146 3685 quodsi
1166 3623 1260 3672 datum
1280 3621 1309 3684 0,
1330 3622 1401 3685 laga·

323 3689 416 3738 444444
439 3687 506 3751 quid
529 3691 576 3738 444
597 3689 621 3738 44
646 3687 775 3738 donatum
795 3688 868 3752 4449,,
893 3689 1045 3751 4494444444
1068 3691 1134 3756 quid
1157 3693 1182 3740 ei
1206 3695 1252 3740 aut
1270 3691 1400 3741 donatum

323 3757 399 3822 last,
417 3760 483 3818 qaod
501 3760 525 3807 44
542 3759 597 3819 4944
617 3757 698 3808 datas
718 3757 831 3820 sortasse
849 3761 990 3821 scripserat
1016 3753 1027 3824 ΙΙ
1058 3764 1088 3810 48
1113 3759 1147 3809 de
1172 3760 1192 3812 0
1213 3760 1286 3825 4449,,
1315 3763 1341 3809 44
1367 3759 1401 3810 de

324 3825 386 3878 4444.
418 3823 429 3892 ΙΙ
456 3825 504 3889 qui
527 3839 543 3876 a
568 3825 680 3890 04444,
703 3827 751 3890 qui
769 3827 829 3890 4449.
860 3822 870 3894 ΙΙ
901 3829 932 3875 ts
955 3825 1026 3876 liber
1046 3827 1156 3892 04449,
1180 3830 1203 3878 44
1222 3827 1292 3880 liber
1310 3825 1401 3895 44444

323 3896 354 3943 tt
380 3893 514 3960 probatur
536 3895 615 3946 etiam
641 3894 753 3960 04449,
780 3895 871 3959 placet
888 3899 915 3946 44
933 3895 995 3946 lert.
1025 3893 1036 3962 ΙΙ
1064 3899 1093 3946 44
1126 3898 1214 3949 bonae
1244 3897 1308 3948 fidei
1332 3897 1399 3961 4449,

322 3961 394 4013 hona
412 3963 466 4014 fide
485 3964 558 4029 4444,
576 3969 623 4016 act
640 3965 686 4014 444
703 3969 749 4015 act
765 3965 831 4014 illud
850 3962 885 4014 0¹¹
897 3963 909 4028 ΙΙ
921 3964 1012 4028 itaque
1030 3965 1106 4030 quod
1118 3967 1177 4030 4449.
1193 3968 1266 4031 inst,
1285 3968 1320 4017 ita
1334 3979 1399 4032 quo·

323 4030 396 4094 que?
418 4033 460 4094 0³,
479 4032 545 4095 conf.
566 4031 596 4082 04
610 4046 673 4096 949.
685 4036 736 4085 tot
753 4033 800 4095 444.
812 4033 824 4096 l
836 4034 902 4084 istas
923 4033 944 4083 0
958 4036 1033 4099 4444,
1045 4047 1094 4084 orn.
1111 4034 1194 4100 444914
1207 4039 1238 4085 43
1257 4036 1399 4086 dominum

325 4097 453 4220 Cfldlqstb,
468 4101 609 4151 dominum
633 4103 693 4152 4444
711 4101 770 4164 4449.
792 4098 803 4168 ΙΙ
824 4105 866 4152 444
882 4102 941 4166 4449.
965 4103 1038 4166 lost,
1058 4105 1094 4154 sit
1113 4103 1133 4155 0
1151 4100 1162 4172 fl
1183 4107 1231 4156 sed
1251 4105 1309 4169 4449.
1330 4106 1398 4166 last,

321 4180 351 4218 se
388 4182 412 4219 44
453 4205 459 4218 .
