3094 4860
540 409 626 418 ....
672 373 731 438 105
774 407 861 419 ..-
1020 373 1240 435 furseo-u

161 571 295 624 matrem
318 562 452 624 eandem
475 563 651 626 habuerint.
683 565 757 624 item
779 569 911 642 patruus
935 562 1039 624 fratris
1063 562 1125 622 filio
1148 571 1179 624 et
1194 565 1241 623 in-

77 723 78 727 ,
161 651 264 711 uicem
280 651 306 709 ia
322 648 368 708 illi
383 657 516 729 agnatus
533 657 589 711 est.
622 649 734 710 eodem
749 667 880 710 numero
897 657 970 710 sunt
986 649 1098 710 fratres
1113 655 1241 728 patrue·

18 975 147 1054 t„

161 735 208 796 les
224 737 307 796 inter
328 753 371 814 se,
395 734 429 796 id
444 743 492 798 est
507 737 561 816 qui
578 755 618 796 ex
633 735 759 796 duobus
776 735 927 796 fratribus
942 737 1141 816 progenerati
1157 743 1239 815 sunt,

162 839 242 901 quos
264 821 410 901 plerique
433 825 525 883 ettam
549 822 752 883 consobrinos
779 829 900 882 uocant.
948 841 1011 902 qua
1040 823 1158 882 ratione
1182 824 1241 882 sci·

160 905 234 969 licet
263 910 356 968 etiam
386 905 424 968 ad
454 907 565 987 plures
593 907 710 988 gradus
740 909 910 989 agnationis
933 909 1102 987 peruenire
1125 909 1263 986 poteri-5

162 1011 243 1076 mue.
290 995 357 1054 Non
379 1002 485 1054 tamen
507 995 652 1055 omnihus
676 993 769 1054 simul
792 996 911 1074 agnatis
935 993 988 1054 dat
1010 993 1063 1054 lex
1085 1012 1131 1054 xu
1149 977 1242 1054 t‘abu-

161 1078 264 1140 larum
286 1079 507 1159 hereditatem,
537 1080 592 1141 sed
616 1081 664 1140 his
688 1082 847 1161 quitum,
877 1099 948 1140 eum
972 1087 1093 1141 eertum
1117 1087 1164 1141 est
1186 1079 1242 1140 ali-

116 1169 258 1246 laquem
281 1167 462 1227 intestatum
486 1166 676 1245 decessisse,
708 1169 849 1246 proximo
873 1165 974 1246 gradu
997 1172 1078 1226 sunt.
1124 1167 1188 1228 Nec
1210 1167 1241 1226 in

163 1270 198 1312 eo
221 1255 291 1312 iure
315 1254 471 1314 successio
495 1259 551 1314 est.
596 1251 732 1332 ideoque
763 1254 788 1312 si
811 1260 942 1333 agnatus
964 1255 1127 1330 proximus
1150 1253 1242 1314 here-

163 1338 291 1399 ditatem
320 1340 459 1399 omiserit
484 1339 538 1400 uel
565 1345 733 1418 antequam
760 1339 871 1400 adierit
893 1337 1075 1418 decesserit,
1105 1351 1281 1418 sequen-to

18 1483 20 1508 ,
117 1423 247 1486 ldtibus
270 1424 348 1484 nihil
369 1427 447 1486 iuris
471 1424 603 1504 exlege
627 1425 771 1503 conpetit.
818 1424 892 1486 Ideo
920 1433 1026 1485 autem
1050 1443 1109 1485 non
1133 1426 1240 1485 mortis

162 1519 304 1590 tempore
328 1513 399 1590 quis
421 1513 588 1589 promimus
608 1509 703 1590 fuerit
724 1511 924 1592 requirimus,
949 1510 1006 1571 sed
1029 1529 1065 1571 eo
1088 1519 1238 1590 tempore,

163 1615 224 1676 quo
253 1604 375 1657 certum
402 1597 497 1658 suerit
523 1595 659 1676 aliquem
687 1599 867 1658 intestatum
891 1595 1082 1676 decessisse,
1113 1598 1187 1676 quia
1215 1598 1241 1658 si

162 1685 233 1763 quis
257 1690 432 1744 testamento
451 1682 537 1763 scete
561 1681 742 1762 decesserit,
767 1683 880 1744 melius
897 1701 967 1744 esse
985 1685 1088 1744 uisum
1105 1691 1152 1743 est
1166 1690 1240 1742 tunc

161 1771 281 1849 requiri
303 1771 496 1848 proximum,
525 1787 596 1829 eum
624 1777 743 1830 certum
767 1787 837 1830 esse
860 1771 998 1848 coeperit
1020 1770 1176 1830 neminem
1200 1780 1281 1829 exte

118 1859 198 1917 lleo
221 1863 408 1916 testamento
431 1856 498 1916 lore
520 1854 681 1916 heredem.
728 1855 819 1928 Quod
850 1855 891 1916 ad
914 1855 1045 1917 feminas
1067 1863 1172 1916 tamen
1195 1863 1242 1915 at-

161 1943 246 2020 tinet,
270 1943 302 2002 in
325 1941 384 2002 hoe
406 1944 475 2002 iure
498 1940 586 2002 aliud
608 1945 638 2001 in
659 1939 671 2022 ll
693 1943 834 2020 ipsarum
862 1941 1092 2004 hereditatibus
1116 1943 1241 2020 capien-
1249 1961 1308 2012 pag.
1323 1951 1371 1998 tao

162 2027 208 2088 dis
235 2026 368 2108 placuit,
397 2026 484 2088 aliud
511 2029 543 2088 in
573 2035 748 2088 ceterorum
780 2025 892 2108 [honis]
921 2027 961 2088 ab
991 2028 1039 2089 his
1070 2027 1239 2106 capiendis.

160 2132 232 2174 nam
255 2113 443 2174 feminarum
466 2112 650 2175 hereditates
674 2113 806 2194 proinde
829 2113 870 2174 ad
892 2131 950 2174 nos
973 2115 1145 2194 agnationis
1172 2116 1240 2175 iure

161 2200 296 2262 redeunt
318 2207 412 2280 atque
434 2199 662 2277 masculorum3
687 2207 811 2260 nostrae
833 2217 910 2260 uero
933 2199 1123 2260 hereditates
1139 2200 1179 2260 ad
1195 2201 1296 2266 fe-so.

162 2289 260 2346 minas
283 2285 368 2346 ultra
390 2289 695 2366 consanguineorum
723 2285 857 2366 gradum
885 2305 946 2346 non
970 2287 1136 2365 pertinent.
1181 2287 1240 2345 ita-

163 2391 223 2452 que
246 2390 335 2432 soror
358 2372 446 2432 fratri
469 2374 610 2432 sororina
632 2371 769 2452 legitima
791 2372 884 2432 heres
908 2380 969 2451 est,
994 2374 1087 2432 amita
1109 2389 1185 2432 uero
1210 2381 1240 2432 et

162 2458 264 2519 fratris
288 2457 352 2519 filia
375 2457 512 2539 legitima
536 2459 628 2518 heres
659 2475 729 2519 esse
754 2453 828 2539 <nou
847 2465 953 2536 potest.
1002 2459 1117 2518 sororis
1140 2463 1240 2517 nutem

161 2543 243 2605 cobis
260 2545 321 2604 loco
338 2543 397 2624 est>
421 2547 513 2605 etiam
536 2552 635 2604 mater
651 2551 705 2604 aut
718 2561 864 2622 nouerca,
890 2561 971 2623 quae
987 2562 1045 2622 per
1060 2544 1090 2604 in
1107 2561 1239 2604 ‘manum

162 2631 399 2692 conuentionem
427 2630 513 2710 apud
541 2638 664 2709 patrem
690 2637 833 2692 nostrum
859 2631 929 2690 iura
955 2628 1036 2690 filiae
1068 2637 1157 2690 nacta
1180 2637 1279 2690 estas

224 2870 259 2940 §5
279 2871 379 2918 ⁴⁰-ll
396 2887 421 2910 =
439 2867 552 2917 Collatio
573 2871 612 2932 ta,
632 2864 706 2932 2115
725 2871 752 2916 44
776 2867 833 2918 lere
851 2889 883 2910 =
902 2870 965 2918 lust.
985 2871 1008 2933 ³,
1028 2872 1051 2934 2,
1071 2872 1093 2917 4.

229 3094 238 3140 4
263 3093 377 3141 matrem
401 3091 515 3140 eandem
543 3089 562 3140 0
587 3089 660 3154 0044,
684 3089 800 3149 eandem
823 3093 938 3141 matrem
961 3092 1023 3142 lost.
1040 3089 1050 3158 ΙΙ
1072 3095 1167 3156 patrus
1193 3093 1212 3142 0

163 3163 175 3207 3
198 3161 268 3210 inter
291 3173 319 3208 se
345 3159 364 3210 0
384 3160 457 3223 0044,
481 3171 529 3208 cm.
549 3155 638 3226 404441
661 3161 832 3223 progenerati
853 3159 872 3210 0
892 3161 966 3225 0044,
990 3163 1126 3224 procreati
1150 3159 1232 3226 lost}

164 3230 176 3277 4
203 3229 309 3279 scilicet
335 3227 354 3278 0
379 3227 454 3287 0044,
481 3241 528 3277 om.
557 3228 619 3277 lost.
645 3224 655 3294 Η
682 3232 696 3277 6
725 3230 829 3288 agnatis
858 3229 919 3279 0044.
944 3231 1017 3292 lust,
1050 3232 1163 3292 agnatiis
1189 3229 1208 3278 0
1229 3233 1238 3292 tt

161 3310 193 3346 ru
212 3297 368 3348 tabularum
395 3296 415 3346 0
440 3296 516 3360 0044,
541 3309 588 3346 om.
609 3297 669 3347 lost.
689 3311 747 3346 eom
771 3298 837 3359 spo.
856 3293 866 3366 ΙΙ
889 3301 902 3346 7
927 3300 973 3362 qui
999 3298 1059 3348 0044.
1078 3300 1152 3362 lost,
1178 3298 1237 3360 qui·

160 3365 210 3416 bus
238 3366 258 3416 0
284 3363 294 3432 {l
320 3368 378 3415 tum
405 3379 467 3414 cum
497 3364 529 3429 0,
557 3367 623 3416 tunc
649 3365 724 3431 0044,
752 3368 816 3416 tunc
835 3401 842 3415 .
861 3405 866 3416 .
887 3403 893 3416 .
914 3404 919 3417 .
939 3381 1003 3418 curn
1032 3369 1093 3417 lost.
1122 3369 1237 3426 (incesso

143 3437 235 3485 'simul
263 3436 404 3484 uerborum
433 3435 530 3495 ordine)
557 3431 567 3499 ΙΙ
597 3438 610 3484 8
643 3436 800 3485 intestatum
831 3433 851 3484 0
878 3436 952 3499 lost,
983 3437 1109 3486 intestato
1140 3434 1200 3484 0044.
1227 3432 1237 3500 ΙΙ

160 3504 310 3554 decessisse
337 3502 357 3553 0
378 3505 453 3568 lost,
481 3503 644 3553 decessisset
669 3504 721 3568 BV,
750 3504 922 3554 discessisset
946 3504 978 3554 W
999 3502 1009 3569 ΙΙ
1032 3508 1045 3552 9
1070 3505 1183 3566 agnatus
1209 3503 1235 3567 0,

159 3573 273 3624 heredes
297 3574 329 3638 B,
357 3573 485 3622 heredem
513 3572 581 3622 VW
599 3569 609 3638 ΙΙ
632 3575 714 3620 9-40
739 3573 917 3622 hereditatem
944 3575 1067 3623 omiserit
1092 3573 1137 3622 uel
1163 3574 1236 3622 ante-

160 3655 240 3706 quam
263 3642 294 3706 0,
319 3643 442 3691 omiserit
464 3642 508 3690 uel
531 3642 675 3704 antequam
704 3641 882 3690 hereditatem
904 3642 965 3692 0044.
983 3639 993 3708 ΙΙ
1011 3645 1041 3690 42
1062 3641 1145 3691 luerit
1162 3642 1237 3690 Pole-

158 3725 232 3776 aoer,
253 3712 306 3760 erit
327 3709 346 3760 0
366 3709 427 3760 0044.
445 3705 455 3776 ΙΙ
475 3714 505 3758 43
524 3710 588 3772 quia
610 3709 636 3773 0,
655 3723 736 3771 quam
758 3708 819 3758 0044.
837 3705 846 3776 ΙΙ
864 3713 895 3759 44
915 3713 980 3760 tunc
1001 3710 1071 3774 0044,
1090 3707 1236 3760 tuccetiis?

162 3777 207 3846 Gll
230 3785 261 3830 46
286 3793 318 3828 eo
341 3793 389 3828 om.
411 3774 500 3846 004411
523 3777 579 3828 iore
602 3777 732 3827 heredem
754 3777 784 3839 0,
810 3779 937 3828 heredem
961 3778 1018 3830 fore
1039 3779 1103 3829 0044.
1122 3779 1131 3844 11
1153 3777 1236 3842 quod]

159 3852 204 3913 qui
223 3851 257 3913 B,
277 3848 345 3912 quid
368 3848 393 3912 V,
412 3847 529 3911 quedam
554 3847 588 3896 W
604 3844 614 3912 ΙΙ
633 3849 662 3894 tt
683 3847 710 3896 in
730 3847 781 3896 hoc
802 3846 834 3911 0,
854 3851 906 3898 hoc
927 3846 1015 3913 004411
1035 3852 1066 3896 48
1085 3849 1189 3912 placuit
1209 3847 1235 3912 0,

157 3917 247 3982 placet
268 3916 330 3968 0044.
348 3913 358 3982 ΙΙ
385 3915 463 3966 bonis
484 3915 515 3980 0,
538 3929 585 3965 om.
608 3912 698 3980 004441
720 3918 751 3964 49
777 3929 839 3966 nam
861 3915 900 3981 0,·
916 3931 977 3966 narn
1004 3921 1030 3966 et
1050 3914 1139 3983 004411
1161 3917 1237 3966 here-

159 3986 257 4036 ditates
279 3986 340 4036 0044.
359 3989 383 4034 04
399 3985 511 4047 fortusse
532 3984 566 4034 0ιι
585 3985 620 4046 (io
638 3997 688 4045 quo
707 3989 793 4034 tomen
810 3985 922 4047 fortasse
940 3986 1052 4050 quidem
1071 3987 1236 4036 hereditates

157 4057 199 4106 ael
217 4068 327 4120 quoque
352 4054 516 4104 hereditates
535 4050 768 4118 0040444110ῖοοε
789 4052 820 4117 0,
845 4067 893 4104 om.
915 4051 1048 4122 00441443
1069 4055 1188 4114 legitima
1209 4054 1235 4118 0,

158 4138 204 4174 orn.
221 4125 283 4175 0044.
300 4118 432 4242 gas-st
451 4119 478 4189 (l
496 4124 594 4172 eddidit
609 4121 739 4173 Goeseltee
756 4135 790 4172 ec
805 4122 866 4173 0044.
885 4120 894 4190 ll
911 4127 943 4174 st
962 4125 1022 4174 iura
1037 4123 1064 4189 0,
1084 4125 1127 4175 ius
1148 4123 1208 4174 0044.
1227 4124 1236 4190 ΙΙ

158 4190 277 4244 nancta?
338 4192 411 4256 (conf.
433 4191 481 4256 0²),
500 4194 599 4242 cuncta
618 4192 670 4255 BV,
689 4191 780 4242 iuncta
804 4191 843 4242 W.
