3094 4860
464 347 468 354 ’
535 351 621 406 ...ᾳ
664 359 706 424 49
750 397 834 407 .-.
1055 363 1224 430 asra-aa

102 549 138 608 38
234 553 342 631 Magna
372 556 477 612 autem
508 549 683 611 differentia
710 556 759 613 est
780 551 861 612 inter
883 551 1017 630 mancipi
1038 570 1090 613 res
1113 558 1145 614 et
1165 571 1225 630 nec

102 635 290 717 timanoipi.
335 637 413 697 Nam
440 653 491 698 res
519 654 577 697 neo
604 637 738 716 mancipi
760 637 828 715 ipsa
850 635 1015 698 traditione
1037 637 1132 718 pleno
1155 641 1224 701 iure

147 722 277 784 alterius
305 722 399 800 fiunt,
429 723 456 783 si
482 721 575 782 modo
598 721 778 804 corporales
802 728 876 784 sunt
898 729 929 782 et
951 723 991 784 ob
1014 723 1048 786 id
1069 727 1225 804 recipiunt

99 808 353 871 ittraditionem.
400 808 509 888 ltaque
538 809 565 869 si
590 808 648 869 tibi
676 815 798 870 uestem
826 807 881 869 uel
903 826 1014 869 auram
1036 810 1090 872 uel
1113 829 1225 892 argen-

145 902 212 956 tum
235 893 394 956 tradidero
417 895 486 955 siue
510 913 550 956 ex
570 894 759 974 uenditionis
783 911 878 954 causa
900 897 968 955 siue
992 915 1031 956 ex
1051 896 1249 960 donationiss

100 985 103 990 '
146 983 214 1042 siue
245 981 358 1062 queuis
388 978 447 1040 alia
474 999 515 1042 ex
541 998 650 1059 causa,
675 981 778 1042 statim
800 988 855 1040 tua
877 979 912 1042 fit
933 998 970 1041 ea
992 999 1058 1061 res,
1083 985 1109 1044 si
1132 984 1224 1045 modo
1260 1052 1267 1067 ¹

99 1067 130 1128 33
146 1086 203 1148 ego
235 1069 303 1128 eins
334 1065 479 1128 dominus
507 1067 574 1128 sim.
621 1068 658 1126 In
681 1066 792 1128 eadem
807 1065 820 1144 Ι(
837 1083 931 1127 causa
954 1076 1027 1128 sunt
1048 1072 1293 1148 prouincia-pag.
1307 1081 1338 1127 33

145 1151 187 1213 lia
216 1152 363 1233 praedia,
394 1170 529 1234 quorum
556 1151 617 1213 alia
640 1151 841 1232 stipendiaria
864 1151 924 1212 alia
945 1153 1110 1216 tributaria
1132 1175 1226 1218 uoca-

144 1257 224 1300 mus.
250 1237 454 1319 stipendiaria
476 1245 548 1300 sunt
571 1257 617 1317 33,
641 1257 723 1319 qnae
739 1240 770 1299 in
785 1239 833 1299 his
847 1239 1018 1318 prouinciis
1035 1249 1117 1320 sunt,
1142 1261 1224 1325 quae

145 1327 292 1406 propriae
318 1323 428 1404 populi
449 1327 577 1386 Romani
600 1342 671 1386 esse
693 1323 935 1405 intelleguntur3
964 1326 1129 1388 tributaria
1151 1337 1265 1390 suntao

146 1429 191 1490 33,
216 1430 299 1492 quae
322 1412 354 1470 in
375 1411 424 1472 his
440 1412 610 1491 prouinciis
627 1417 709 1492 sant,
734 1429 816 1491 quae
832 1413 977 1491 propriae
994 1413 1136 1476 Caesaris
1153 1433 1223 1477 esse

145 1497 327 1560 creduntur.

99 1580 135 1642 tt
230 1583 362 1664 Mancipi
392 1602 469 1644 uero
496 1601 548 1646 res
578 1591 666 1662 sunt,
695 1600 776 1662 qaae
809 1601 867 1662 per
896 1585 1154 1663 mancipationem
1182 1586 1223 1647 ad

145 1670 243 1732 alium
271 1669 518 1746 transferuntur;
547 1669 633 1730 ande
664 1670 757 1730 etiam
783 1671 919 1749 mancipi
940 1689 992 1732 res
1016 1677 1088 1732 sunt
1111 1670 1221 1733 diotae.

146 1756 233 1837 quod
255 1764 361 1818 autem
383 1754 470 1817 ualet
493 1751 699 1838 (mancipatio,
724 1753 802 1814 idem
823 1755 904 1816 ualet
926 1763 954 1817 et
975 1758 1007 1816 a'a
1030 1758 1097 1817 iare
1116 1759 1221 1818 cessio.
1235 1771 1264 1816 33

99 1839 134 1900 23
144 1839 195 1925 Et>
220 1843 405 1922 mancipatio
429 1840 558 1921 quidem
581 1839 849 1921 quemadmodum
871 1842 932 1920 fiat,
957 1844 1120 1922 superiore
1140 1862 1225 1904 com-

99 1924 297 1990 timentario
325 1926 522 1990 tradidimus.
569 1928 603 1988 ln
637 1929 705 1988 iure
729 1929 827 1988 cessio
851 1935 955 1989 autem
977 1929 1037 1989 hoc
1058 1929 1152 1990 modo
1174 1929 1222 1991 fit:

144 2015 231 2094 apud
252 2017 468 2095 magistratum
490 2012 598 2093 populi
620 2015 761 2090 Romani,
788 2013 889 2075 aelati
909 2022 1097 2094 praetorem,
1125 2017 1151 2077 is
1173 2018 1224 2077 oni

143 2119 195 2163 res
224 2103 256 2162 in
285 2103 354 2162 iure
381 2098 504 2161 ceditur
526 2117 594 2161 rem
616 2107 726 2161 tenens
750 2101 792 2158 ita
815 2099 889 2160 dicit
911 2119 986 2161 nmo
1008 2119 1065 2162 noo
1088 2120 1223 2162 nonnam

143 2206 179 2246 nx
207 2207 274 2247 3333
297 2204 449 2259 3333333333
472 2204 550 2245 3333
573 2203 640 2245 3333
662 2202 729 2261 333;
753 2183 868 2246 deinde
891 2195 1058 2267 postquam
1079 2187 1130 2248 hio
1152 2189 1263 2248 uin-ao

146 2273 309 2352 dicanem't‚
335 2280 461 2352 praetor
483 2272 651 2352 interrogat
673 2289 746 2332 eum
769 2273 824 2350 qui
847 2271 937 2351 cedit,
962 2290 1002 2333 an
1025 2280 1131 2333 contra
1154 2276 1223 2355 uin-

146 2358 242 2438 dioet;
277 2379 339 2440 qao
370 2364 504 2439 negante
531 2365 585 2418 aut
613 2364 735 2418 tacente
763 2363 838 2417 tuno
865 2359 893 2418 ei
921 2360 975 2438 qai
1002 2358 1220 2438 uindicauerit,

147 2464 214 2506 eam
237 2464 305 2507 rem
327 2444 457 2519 addicit;
488 2442 586 2524 idque
608 2443 686 2524 legis
710 2444 787 2503 actio
810 2451 950 2504 uocatur.
995 2444 1054 2504 hoo
1076 2445 1144 2505 fieri
1166 2463 1222 2524 po-

20 2599 21 2602 ,
100 2527 137 2589 25
146 2538 207 2593 test
234 2533 328 2594 etiam
354 2533 385 2591 in
412 2531 581 2610 prouinciis
609 2528 694 2608 apud
722 2527 885 2608 praesides
912 2548 1029 2590 earum.
1082 2529 1222 2591 Plerum-

147 2637 207 2698 que
236 2626 341 2678 tamen
369 2624 400 2678 et
422 2617 489 2678 fere
512 2634 638 2694 semper
659 2614 940 2694 mancipationibus
963 2615 1090 2677 utimur.
1135 2616 1222 2696 quod
1232 2631 1263 2677 33

146 2707 227 2766 enim
250 2706 310 2784 ipsi
333 2721 469 2783 pennos
492 2701 713 2782 praesentibus
730 2703 835 2762 amicis
852 2719 945 2782 agere
961 2719 1140 2781 pessumae,
1164 2703 1223 2764 hoc

144 2837 425 2856 ΙᾺΛΛΛΛΛΛΛ-ΛΛΛΛΛΛΛΙ
1044 2835 1220 2852 ΚΛΛΛΛΝΝΛΛΛΝ

212 2894 277 2954 §aa
297 2894 429 2954 superiore
446 2887 634 2951 conmentario]
659 2893 668 2937 3
691 2890 769 2950 §iit
790 2887 801 2952 (1
822 2890 882 2950 §tt
901 2889 1042 2953 usquead
1061 2893 1092 2938 ts
1111 2895 1223 2942 aoeaiar

146 2982 175 3005 =
194 2962 288 3012 Boeth.
306 2961 334 3010 in
352 2961 418 3025 Top.
437 2964 460 3024 3,
480 2962 511 3009 33
531 2960 598 3023 (pag.
612 2957 678 3020 333).

144 3078 472 3096 mmmm

212 3153 223 3199 3
247 3149 301 3212 res]
330 3161 391 3198 rens
421 3148 441 3200 0
467 3150 580 3210 (indocta
596 3162 612 3196 x
630 3147 723 3206 littorei
748 3147 759 3212 ((
784 3150 798 3196 3
823 3161 921 3198 auram
946 3148 1087 3212 Goesatea,
1111 3150 1221 3200 aurium

148 3219 166 3270 C
188 3218 200 3282 (1
224 3223 238 3268 3
263 3221 323 3268 siue
344 3217 484 3281 dorsetae,
503 3213 578 3267 tiae?
605 3216 624 3268 G
646 3215 658 3279 (1
682 3220 695 3264 i
716 3218 744 3266 in
765 3217 903 3281 desectae,
921 3214 997 3266 min?
1018 3216 1043 3280 C,
1063 3217 1128 3278 eoos.
1150 3216 1195 3267 0⁸⁸
1211 3215 1221 3282 Ι(

143 3285 326 3354 prouincialie
344 3286 466 3350 Saviaap,
489 3285 652 3350 prouinciali
673 3285 693 3336 0
715 3285 726 3350 (Ι
752 3289 781 3334 ta
801 3287 865 3336 sunt
882 3299 951 3350 quae
973 3285 1003 3348 G;
1025 3286 1138 3347 fortasse
1159 3287 1223 3334 haee

143 3357 271 3408 33333333
288 3356 396 3405 delenda
413 3360 486 3416 3333,
506 3355 549 3404 aei
567 3357 760 3415 transponenda
777 3368 846 3419 quae
862 3358 926 3404 sunt
936 3353 948 3417 (Ι
962 3357 1062 3403 iti-ti
1080 3350 1107 3418 <>
1125 3354 1224 3404 addidit

146 3425 277 3477 Gaesatea
300 3423 352 3487 (333·
373 3423 420 3474 sed
444 3425 513 3474 dedit
526 3435 576 3484 pro
594 3424 632 3487 33,
656 3435 734 3484 qoam
747 3423 907 3484 partimiam
928 3423 1057 3484 suppleuit
1075 3419 1219 3486 83333333(

145 3498 175 3544 33
195 3494 285 3544 333333
303 3495 394 3542 autem
412 3492 467 3542 hoc
484 3492 567 3542 modo
585 3491 615 3541 fit
636 3490 662 3554 0,
681 3493 772 3542 nutem
791 3492 879 3542 cessio
897 3490 927 3540 fit
944 3491 996 3540 hoc
1014 3491 1097 3540 modo
1114 3490 1219 3556 133333(

144 3567 175 3613 ts
193 3562 282 3614 ueluti
299 3561 461 3626 praetorem]
480 3561 556 3625 fip‘r·
570 3561 616 3610 ira
634 3559 680 3626 pi?
698 3561 852 3624 praesidem
869 3560 1028 3624 prouinciae
1049 3558 1083 3608 0¹¹
1102 3557 1144 3617 (33
1155 3559 1224 3620 3333-

143 3632 259 3695 ammte),
282 3631 328 3681 uel
351 3631 424 3696 apud
446 3633 600 3694 praetorem
621 3631 667 3680 uel
690 3628 762 3692 apud
785 3628 937 3693 praesidem
957 3627 1118 3692 prouinciae
1136 3626 1222 3678 Boetia.

144 3702 179 3763 (33
197 3703 272 3750 caios
289 3700 374 3749 codice
388 3699 490 3749 Gaiano
505 3699 633 3762 33333333
650 3700 715 3748 iliad
731 3699 785 3746 iam
803 3697 927 3757 eataoat).
958 3695 1056 3746 Codicis
1071 3697 1223 3745 Veronensis

144 3771 236 3820 doctas
258 3769 426 3831 probabiliter
445 3771 483 3818 ita
498 3769 611 3830 captioni
623 3768 776 3830 Mommsen,
799 3770 928 3826 utsupra
943 3765 1025 3814 3333
1049 3763 1152 3814 Gaiana
1177 3763 1224 3813 1’11'1

142 3839 189 3903 p?
209 3839 235 3898 (i.
248 3851 269 3887 3.
282 3837 369 3887 ueluti
387 3839 548 3900 praetorem]
573 3839 601 3886 ia
627 3837 766 3897 3331333333
787 3836 833 3886 too
859 3834 987 3897 33333333
1008 3833 1123 3882 additam
1143 3832 1224 3895 faisse

143 3910 302 3969 suspicetur:
324 3907 368 3970 pff
382 3910 399 3957 a
415 3905 570 3970 praesidem
588 3905 745 3969 prouinciae
765 3903 790 3966 (i.
806 3917 826 3954 e.
840 3904 993 3968 praetorem
1010 3906 1058 3951 aut
1068 3899 1223 3965 praesidem

143 3975 324 4041 prouinciae),
341 3978 369 4026 id
387 3979 473 4025 333333
489 3975 617 4037 33333333
634 3974 680 4024 too
696 3974 770 4023 modo
787 3975 816 4022 ia
830 3971 992 4022 Gaianorum
1007 3971 1147 4020 33333333
1164 3982 1224 4019 333-

144 4049 242 4098 waima
259 4047 408 4107 irrepsisse:
426 4045 445 4092 ir
461 4044 508 4109 p'rss
526 4043 544 4092 ir
562 4042 596 4106 [a]
616 4043 663 4109 pr*-
683 4041 847 4108 [praesidem
865 4038 1031 4103 prouinciae]
1050 4040 1074 4089 is
1092 4041 1137 4090 oui
1155 4035 1225 4106 333(

145 4116 177 4164 33
194 4114 263 4166 dicit
283 4113 310 4177 G,
329 4113 453 4164 uindicat
472 4111 581 4176 133333(
594 4115 622 4163 33
645 4112 774 4175 suppleuit
795 4109 923 4162 63333333
941 4122 975 4159 eac
989 4109 1090 4160 Boetia
1102 4108 1113 4172 ((
1126 4112 1158 4158 33
1178 4121 1224 4160 ne·

145 4188 222 4246 gente
241 4184 339 4246 Boetia„
357 4183 480 4246 negenite
501 4181 527 4233 0.

195 4283 273 4326 Gerre.
1003 4284 1015 4329 3
