3084 4868
185 587 269 648 done
298 587 485 648 seclusimus
515 585 701 667 glossemata
729 589 761 647 in
789 586 870 648 libro
900 588 923 648 0
948 589 1058 666 insint,
1088 605 1146 647 nec
1173 605 1249 649 uero
1279 588 1367 650 nefas

187 672 369 735 ducendum
396 679 444 734 est
470 674 502 733 in
524 679 610 734 tanta
636 674 730 735 huius
757 675 948 754 quaestionis
976 672 1159 734 difficultate
1182 692 1200 734 a
1222 681 1368 753 suscepta

186 759 284 821 semel
305 761 510 839 persuasione
533 759 711 836 discedere;
734 778 794 820 nec
808 767 912 822 tamen
934 759 1032 820 multo
1054 758 1146 838 plura
1169 777 1272 840 quam,
1297 779 1368 821 cum

187 847 366 906 cautissime
388 847 420 906 in
442 845 501 906 hac
523 846 706 925 quaestione
729 863 905 926 ageremus,
932 864 995 906 non
1025 845 1085 925 ipsi
1108 844 1296 924 deleuimus,
1329 865 1369 907 ex

186 931 381 1012 glossematis
405 937 472 992 orta
494 949 564 992 esse
587 939 690 992 certo
715 931 962 993 demonstratum
985 933 1022 991 iri
1052 931 1254 1008 confidimus3
1283 938 1368 993 certe

186 1016 315 1078 modum
338 1018 473 1078 excessit
494 1017 652 1095 Palenses,
677 1036 748 1078 cum
771 1018 830 1078 hac
853 1017 1042 1079 emendandi
1067 1019 1185 1079 ratione
1207 1019 1249 1078 ita
1263 1025 1369 1079 utere·

185 1111 246 1182 tur,
270 1111 306 1164 ut
328 1102 516 1184 glossemata
537 1105 707 1164 sescenties
730 1103 829 1164 latere
852 1105 1073 1183 suspicaretur.

274 1191 403 1268 Propter
425 1189 696 1250 homoeoteleuton
718 1189 819 1250 multa
842 1191 987 1250 orationis
1010 1196 1162 1250 commata
1176 1190 1209 1250 in
1224 1187 1371 1250 codiceG

187 1275 383 1340 intercidisse
415 1282 447 1336 et
476 1275 605 1338 Collatia
635 1281 729 1356 atque
758 1277 919 1336 Iustiniani
941 1277 1067 1356 digesta
1093 1277 1368 1356 Institutionesque

187 1361 301 1423 docent
333 1369 365 1422 et
398 1361 520 1423 dudum
547 1360 740 1422 intellectum
771 1359 856 1442 eset).
908 1362 1015 1422 Sicubi
1041 1363 1074 1422 hi
1101 1362 1203 1422 fontes
1231 1363 1264 1421 in
1291 1361 1368 1421 locis

187 1454 318 1528 propter
349 1447 622 1509 homoeoteleuton
654 1449 686 1508 in
720 1447 745 1508 C
773 1446 922 1508 mutilatis
960 1465 1017 1508 nos
1056 1447 1217 1526 deliciunt,
1255 1448 1368 1526 partim

186 1540 295 1594 uetera
317 1533 450 1594 aliorum
472 1535 614 1594 uirorum
630 1533 792 1594 doctorum
807 1534 921 1613 partim
935 1551 1018 1594 noua
1033 1533 1246 1596 additamenta
1262 1551 1369 1594 exem-

186 1617 230 1698 pli
252 1623 351 1700 gratia
372 1621 532 1699 proposita
554 1621 586 1680 in
614 1626 794 1680 contextum
820 1618 960 1700 quidem·
977 1619 1150 1680 uerborum
1180 1621 1369 1700 recepimus,

187 1704 245 1766 sed
267 1712 409 1766 nostrum
431 1705 512 1766 illud
535 1705 687 1766 sollemne
710 1707 922 1783 seruauimus,
957 1712 990 1765 ut
1011 1723 1051 1766 ne
1074 1723 1169 1785 quam
1192 1707 1370 1784 grauiorem

186 1790 259 1852 libri
285 1790 432 1852 Glabem
456 1793 523 1852 sine
546 1791 743 1852 adnotatione
771 1791 1014 1852 dimitteremus:
1048 1792 1152 1850 omnia
1182 1809 1264 1870 quae
1292 1792 1323 1851 in
1349 1790 1373 1849 G

186 1878 229 1937 ita
252 1877 376 1957 desunt,
399 1883 436 1938 ut
456 1895 496 1938 ne
519 1877 650 1938 lacunae
674 1877 803 1958 quidem
826 1879 950 1958 signum
976 1875 1078 1937 ullum
1108 1878 1139 1937 in
1164 1877 1186 1935 G
1208 1881 1304 1955 extet,
1340 1881 1371 1936 et

188 1963 236 2024 his
258 1965 380 2024 uncinis
403 1961 445 2044 <>
468 1965 643 2043 saepsimus
672 1959 761 2044 (conf.
787 1982 813 2024 e.
838 1983 866 2044 g.
891 1963 904 2023 l
927 1960 1032 2040 §tsi
1061 1961 1185 2043 aliaque
1214 1960 1247 2021 id
1270 1978 1369 2041 genus

187 2049 254 2110 fere
276 2047 527 2130 innumerabilia)
555 2056 587 2110 et
614 2049 770 2110 inclinetis
800 2049 912 2110 litteris
942 2047 1147 2128 exprimenda
1176 2048 1368 2109 curauimus.

272 2136 320 2196 Ex
344 2135 393 2196 his
422 2153 504 2215 quae
533 2134 669 2196 diximus
693 2142 837 2214 apparet,
867 2153 962 2215 quam
989 2152 1083 2214 saepe
1112 2136 1144 2195 in
1173 2133 1370 2195 emendando

187 2220 262 2282 Gaio
285 2220 325 2282 ad
349 2222 543 2282 coniecturas
565 2221 788 2301 refugiendum
815 2222 863 2282 sit.
913 2221 991 2284 Gum
1019 2239 1096 2282 uero
1120 2239 1159 2282 ex
1182 2222 1227 2281 eis
1250 2221 1371 2280 coniec-

186 2308 275 2385 turis,
300 2325 382 2387 quae
405 2315 476 2386 post
498 2307 715 2368 Goeschenum
737 2325 756 2366 a
777 2309 854 2368 uiris
878 2307 976 2368 doctis
1004 2307 1046 2368 ad
1073 2306 1188 2368 codicis
1211 2307 1370 2368 Veronen-

187 2393 229 2454 sis
260 2393 476 2472 apographum
503 2394 772 2455 Goeschenianum
802 2411 821 2453 a
850 2392 991 2454 Bluhmio
1020 2395 1139 2472 passim
1169 2391 1371 2453 emendatum

187 2478 327 2558 prolatae
356 2487 445 2557 sunt,
477 2498 597 2558 paucae
623 2497 707 2540 noua
736 2497 831 2559 quam
859 2481 926 2558 ipse
954 2481 1072 2539 institui
1101 2478 1215 2539 codicis
1238 2477 1371 2538 lectione

188 2565 396 2644 confirmatae,
421 2565 650 2645 multoplures
673 2567 778 2626 irritae
800 2565 900 2625 factae
923 2567 994 2643 sint,
1021 2566 1054 2623 in
1075 2565 1134 2624 hac
1156 2563 1291 2623 editione
1321 2581 1372 2622 or·

188 2651 293 2712 nanda
320 2670 390 2712 eam
419 2651 486 2712 fere
515 2654 599 2712 uiam
627 2649 822 2731 sequendam
858 2668 928 2710 esse
962 2650 1054 2727 duxi,
1090 2666 1185 2728 quam
1212 2667 1283 2708 cum
1318 2647 1370 2708 alii

187 2739 392 2814 praeiuerunt
420 2744 487 2796 tum
514 2737 643 2798 Carolus
670 2736 846 2796 Lachmann
877 2742 967 2796 caute
997 2735 1105 2795 tenuit.
1159 2735 1267 2814 ltaque
1299 2752 1369 2794 cum

188 2820 262 2881 olim
295 2822 417 2900 syntaxi
443 2821 578 2882 Gaianae
611 2839 701 2882 suam
734 2823 936 2881 constantiam
968 2819 1174 2898 perpoliendo
1208 2819 1369 2881 uindicare

187 2907 401 2985 instituissem,
425 2913 535 2985 postea
557 2909 589 2967 in
611 2913 762 2967 contextu
781 2905 953 2967 uerborum
976 2907 1079 2966 omnia
1095 2924 1132 2966 ea
1146 2908 1259 2966 intacta
1274 2904 1371 2967 relin-

189 3009 288 3072 quere
315 2991 427 3068 malui,
463 3009 545 3071 quae
572 2991 677 3072 aliquo
705 2991 798 3052 modo
827 2991 902 3052 ferri
924 3009 1018 3070 posse
1040 2991 1240 3068 uiderentur3
1275 2993 1371 3052 oratio

188 3078 270 3138 enim
293 3095 485 3157 quamquam
508 3096 526 3137 a
548 3077 622 3139 Gaio
646 3076 813 3159 diligenter
835 3077 966 3138 formata
989 3085 1052 3156 est,
1086 3096 1148 3138 non
1175 3084 1280 3138 tamen
1303 3095 1372 3138 eam

187 3161 443 3243 aequabilitatem
481 3163 630 3224 adsecuta
666 3171 730 3242 est,
769 3181 863 3243 quam
900 3163 1114 3225 seuerioribus
1153 3163 1371 3226 Ciceronianae

187 3251 296 3310 aetatis
319 3248 524 3328 scriptoribus
547 3251 714 3311 restituere
738 3248 785 3310 fas
809 3256 864 3310 est.
900 3248 1029 3310 Accedit
1044 3249 1130 3330 quod
1153 3249 1257 3310 adhuc
1279 3267 1371 3309 nemo

186 3337 362 3396 accuratius
391 3334 431 3396 de
461 3337 506 3397 eis
533 3337 679 3396 orationis
709 3335 834 3416 legibus
865 3337 1036 3416 quaesiuit,
1071 3353 1150 3416 quas
1179 3337 1211 3396 in
1239 3334 1371 3415 reliquis

186 3428 312 3502 praeter
335 3422 546 3483 Institutiones
568 3421 659 3482 libris
681 3422 776 3483 Gaius
799 3428 926 3483 secutus
950 3419 1051 3503 estll).
1098 3423 1206 3502 ltaque
1236 3418 1371 3503 (praeter

186 3504 434 3589 orthographica)
468 3509 499 3568 in
533 3509 672 3569 minutiis
706 3507 766 3569 sibi
800 3514 993 3569 constantem
1026 3525 1097 3569 esse
1124 3508 1236 3569 Gaium
1269 3505 1371 3582 nolui;

190 3663 343 3671 --——-—-

263 3731 285 3793 9)
305 3730 381 3790 Quod
401 3731 532 3782 Polenaar
557 3733 584 3781 in
603 3732 781 3794 Mnemosyne
800 3732 870 3792 (nou.
889 3743 941 3781 ser.
960 3730 1014 3780 uol.
1034 3730 1069 3778 IV
1085 3743 1145 3796 pag.
1160 3733 1209 3778 tlt
1228 3727 1312 3792 seqq.)
1331 3729 1374 3778 in-

186 3799 550 3920 1tt2lt⁰tl³tlt⁵tt
567 3797 1373 3930 latitat‘illusistisutttttlttutlttttt

187 3881 399 4016 incredibilibdd
412 3940 540 3988 notarum
551 3905 683 3988 'monstris
696 3939 834 3986 exaratum
853 3937 936 3987 luisse
955 3936 1080 3987 codicem
1097 3904 1277 4000 archetypum
1295 3935 1372 3986 iden·

187 4005 431 4135 hdodttftladlltddbts
450 4075 533 4125 huius
556 4075 728 4138 quaestionis
746 4075 902 4139 nuperrime
927 4074 1032 4138 publici
1050 4074 1118 4124 luris
1137 4073 1202 4124 lecit
1219 4071 1370 4124 Guilelmus

187 4141 256 4192 Kalb
276 4143 304 4191 in
316 4141 466 4192 Woelfflini
481 4143 575 4193 Archiv
592 4143 638 4206 [ὢν
656 4144 803 4194 lotetotsche
815 4143 1021 4206 Leoetltogrophic
1038 4144 1092 4193 aad
1106 4142 1268 4194 Grammcttls
1285 4143 1339 4193 uol.
1356 4143 1367 4191 Ι

187 4209 271 4275 (istit)
289 4222 349 4276 pag.
364 4214 464 4260 82—92
482 4206 566 4276 [conl.
586 4211 662 4276 Kalb,
682 4213 762 4262 Roms
781 4212 900 4262 Jurlsten
920 4212 1004 4276 (4890)
1023 4225 1084 4276 pag.
1098 4208 1218 4278 73—88].
