3190 4868
300 339 334 389 iv
352 340 480 401 §eo-et
679 377 765 386 -...
810 343 870 429 132
914 377 998 389 ..-

298 547 375 590 6666
402 548 509 592 ramur
536 547 683 607 oronrnr;
712 533 744 592 in
767 550 806 592 eo
828 549 905 593 uero
929 549 1010 612 quae
1033 533 1066 593 in
1087 531 1203 594 fectum
1226 540 1380 612 concepto
1445 589 1449 596 .

299 622 356 696 est,
385 618 488 678 statim
516 617 602 678 initio
629 618 805 680 intentionis
835 617 895 678 elio
924 616 1016 679 modo
1045 635 1097 680 res
1125 616 1165 679 de
1188 636 1253 699 qua
1274 621 1380 700 egitur

268 761 271 768 .
300 700 484 782 designetur
506 702 554 764 his
577 701 686 764 uerbis
709 721 735 764 s1
758 721 849 764 reuss
870 700 1382 786 rssrnsrm<1crrunon>1msu

298 805 481 850 osrosvrsss:
506 787 651 850 dubitare
674 807 737 850 nou
760 789 924 870 debemus,
948 791 1025 871 quin
1048 791 1074 850 si
1096 791 1167 870 quis
1183 791 1215 852 in
1231 789 1376 871 formula,

300 892 381 954 quae
404 875 436 934 in
458 874 575 936 fectum
598 877 758 955 conposita
780 883 837 954 est,
859 875 970 956 plures
984 894 1035 938 res
1052 875 1267 957 desigusuerit
1281 889 1403 956 quemn

299 959 496 1040 deposuerit,
525 959 611 1022 litem
636 960 762 1040 perdat,
793 963 867 1042 quia
892 964 924 1022 in
951 964 1121 1024 intentione
1150 961 1221 1042 plns
1249 979 1376 1041 pos-

605 1045 646 1102 (66
663 1059 757 1094 nereos
773 1049 802 1094 in
822 1046 842 1096 C
860 1048 910 1104 ispi
926 1048 1064 1108 nequeunti

297 1076 306 1162 ii
1386 1103 1451 1154 pag.
1466 1095 1516 1140 nto

607 1167 648 1220 666
666 1180 760 1215 uersns
776 1170 805 1214 in
825 1167 844 1216 C
861 1168 911 1223 leni
928 1167 1064 1222 nequeunti

1261 1223 1451 1274 ——pag.
1466 1216 1513 1261 stt

325 1288 490 1366 ontinetur,
514 1296 549 1348 ut
570 1286 676 1349 habita
698 1289 817 1349 ratione
833 1290 911 1366 eius,
935 1287 1021 1368 quod
1036 1291 1171 1350 inuicem
1186 1298 1322 1350 actorem
1338 1309 1452 1362 expag.
1467 1301 1519 1347 sse

300 1371 411 1434 eedem
440 1391 535 1435 causa
560 1380 720 1453 praestare
748 1382 919 1453 oporteret,
955 1376 986 1434 in
1015 1374 1174 1456 reliquum
1202 1393 1276 1437 eum
1305 1387 1419 1436 oumto

249 1454 362 1538 62666
386 1466 489 1521 actum
512 1467 560 1520 est
582 1460 800 1522 condemnere.
845 1462 924 1522 Sunt
947 1467 1052 1522 autem
1073 1460 1175 1524 bonae
1199 1460 1274 1523 fidei
1295 1460 1379 1522 iudi-

300 1547 347 1606 cia
372 1545 464 1608 hoec:
495 1564 535 1608 ex
562 1553 666 1624 empto
693 1545 836 1626 uendite,
866 1546 965 1607 locato
988 1546 1153 1627 conducto,
1179 1549 1378 1628 negotiorum

299 1638 472 1711 gestorum,
502 1630 655 1710 mandati,
684 1631 832 1711 depositi,
862 1632 1010 1712 fiduciae,
1037 1651 1094 1713 pro
1121 1635 1218 1714 socio,
1246 1633 1376 1712 tutelae,

298 1719 345 1778 rei
360 1719 499 1796 uxoriae,
524 1713 726 1799 (commodnti,
747 1720 991 1798 pipneroticinm,
1012 1717 1153 1798 familiae
1167 1719 1376 1798 erciscundae,

249 1796 288 1855 63
299 1804 449 1864 communi
480 1799 674 1884 diuidundo).
730 1803 878 1864 Liberum
912 1812 960 1866 est
992 1812 1096 1866 tamen
1127 1805 1224 1868 iudici
1255 1805 1421 1866 nullamts

300 1891 423 1950 omnino
446 1889 581 1950 inuicem
604 1891 853 1968 conpensationis
876 1892 1028 1952 rationem
1049 1891 1184 1970 habere;
1213 1909 1272 1954 nec
1294 1893 1378 1954 enim

299 1983 407 2054 aperte
440 1973 594 2036 formulae
627 1975 739 2036 uerbis
771 1978 971 2056 praecipitur,
1010 1976 1068 2038 sed
1101 1979 1175 2058 quis
1208 1977 1240 2039 id
1273 1977 1377 2038 bonae

299 2059 373 2122 fidei
401 2059 516 2122 iudicio
539 2064 730 2124 conueniens
753 2061 889 2141 uidetur,
920 2061 986 2124 ideo
1010 2063 1112 2124 officio
1135 2066 1203 2125 eius
1227 2064 1379 2125 contineri

249 2139 447 2208 tiorednur.
496 2145 566 2208 Alia
598 2165 692 2208 eausa
726 2156 774 2209 est
806 2147 890 2209 illius
921 2150 1050 2210 notionis
1084 2168 1148 2230 qua
1180 2151 1378 2230 argentarius

300 2234 474 2312 experitur:
503 2251 575 2295 nam
597 2235 623 2294 is
647 2236 767 2314 cogitur
789 2253 861 2295 cum
884 2236 1125 2314 conpensatione
1149 2254 1257 2318 agere,
1286 2243 1317 2296 et
1339 2246 1421 2298 eaeo

300 2320 498 2399 conpensatio
526 2318 634 2380 uerbis
662 2320 815 2381 formulae
838 2323 1040 2401 exprimitur:
1073 2320 1152 2382 adeo
1176 2321 1314 2402 quidem,
1342 2328 1379 2382 ut

299 2404 339 2466 ab
376 2407 461 2466 initio
499 2408 740 2486 conpensatione
777 2406 859 2467 facta
894 2408 998 2468 minus
1035 2406 1177 2470 intendet
1213 2404 1273 2469 sibi
1306 2406 1379 2468 deri

299 2499 451 2570 oportere.
499 2511 571 2554 ecce
605 2494 688 2554 enim
722 2493 748 2553 si
782 2493 953 2554 sestertium
986 2513 1004 2553 x
1032 2492 1115 2554 milia
1145 2493 1261 2556 debeat
1288 2494 1375 2572 Titio,

366 2715 381 2776 6
401 2718 427 2764 66
455 2715 518 2765 inde
540 2713 575 2764 nb
598 2716 851 2768 stetito=1nst
871 2718 894 2780 6,
918 2719 943 2778 6,
965 2719 997 2766 69
1020 2715 1100 2778 (coni.
1120 2715 1202 2766 etiam
1222 2715 1245 2779 6,
1265 2719 1288 2778 6,
1309 2715 1349 2777 66)
1367 2711 1377 2783 Ι]

299 2784 364 2844 §tn
384 2783 455 2835 coni.
473 2784 536 2834 6666.
556 2786 582 2848 6,
600 2789 622 2847 6,
642 2787 682 2834 28.
1257 2792 1261 2800 ’

1327 2903 1377 2918 »λα’

368 2991 378 3035 6
406 3001 437 3037 66
457 2988 597 3052 Goescnen,
620 3001 680 3038 eam
702 2987 722 3038 C
744 2989 755 3051 11
780 2992 793 3035 3
812 2986 839 3056 ()
861 2991 960 3040 eddidit
981 2989 1098 3039 Huschke
1120 2995 1132 3046 ΙΙ
1156 3002 1231 3040 iussu
1249 2988 1374 3052 Huschke,

298 3055 344 3105 ille
368 3067 402 3104 ec
424 3056 498 3105 illem
523 3061 667 3106 correctum
692 3057 712 3108 G
733 3055 746 3120 Ι
770 3060 784 3104 6
805 3058 935 3108 Goescnen
958 3060 1110 3108 sententium
1133 3069 1154 3108 e.
1175 3072 1199 3121 6.
1218 3059 1254 3107 sic
1274 3059 1377 3121 perficit

297 3125 428 3185 posuisse
450 3124 569 3174 uidetur.
592 3125 604 3187 ΙΙ
628 3128 642 3173 ’6
665 3139 731 3188 seqq.
769 3127 799 3174 In
817 3129 923 3189 popinis
940 3128 1033 3177 codicis
1058 3126 1145 3180 0266
1170 3131 1195 3176 66
1215 3131 1265 3179 stt
1290 3128 1321 3176 66
1342 3128 1377 3175 iis

296 3193 408 3252 fortasse
435 3194 568 3256 66666666,
594 3194 790 3262 6666661666.
815 3196 937 3258 tepenter
959 3202 986 3259 6,
1011 3199 1038 3260 6,
1060 3196 1175 3258 66-66;
1205 3195 1296 3244 deinde
1319 3194 1376 3255 (set

294 3264 373 3326 finem
396 3264 510 3325 popinae
531 3262 591 3325 266]
616 3265 711 3324 incepit
733 3268 861 3314 tractatos
883 3265 914 3314 66
935 3266 1130 3326 conpensatione
1160 3263 1239 3326 (cons.
1262 3264 1325 3313 inst.
1350 3267 1375 3326 6,

298 3336 325 3396 6,
352 3329 407 3396 66),
434 3332 465 3380 66
490 3344 541 3392 qno
568 3331 630 3381 6666
656 3332 778 3394 tepenter
803 3335 831 3381 in
854 3333 916 3382 inst.
942 3332 978 3397 (6,
1007 3337 1034 3396 6,
1061 3333 1116 3396 66);
1143 3333 1173 3381 ln
1198 3332 1287 3382 bonne
1309 3330 1375 3380 fidei

297 3402 389 3450 nutem
416 3399 524 3450 iudiciis
551 3398 636 3450 libers
664 3401 783 3464 potestas
810 3402 929 3464 permitti
955 3399 1068 3452 uidetur
1090 3401 1175 3450 iudici
1198 3413 1231 3450 ex
1253 3399 1326 3449 bono
1349 3402 1376 3448 et

297 3482 385 3534 usquo
408 3468 585 3531 aestimaudi,
607 3470 740 3531 quantum
763 3471 849 3518 actori
874 3471 980 3519 restitui
999 3469 1106 3519 666666.
1142 3469 1169 3518 66
1188 3481 1243 3531 quo
1261 3470 1288 3517 et
1306 3467 1375 3518 illud

296 3539 459 3601 continetur,
493 3539 524 3586 ut
555 3537 577 3586 si
607 3537 674 3600 quid
703 3538 823 3587 inuicem
853 3540 974 3586 actorem
1003 3538 1142 3602 proestare
1172 3539 1306 3600 oportent,
1342 3549 1375 3585 66

296 3609 472 3669 compensato
499 3606 527 3653 in
553 3604 690 3668 reliquum
717 3607 740 3655 is
768 3619 831 3656 cum
858 3619 912 3669 quo
940 3607 1031 3656 actum
1059 3608 1101 3656 est
1126 3605 1304 3655 condemnari
1328 3604 1376 3654 de-

294 3674 367 3724 beat.
398 3674 409 3737 ΙΙ
438 3678 467 3724 66
502 3673 685 3724 condemnere
715 3673 741 3737 0,
769 3675 965 3724 condemnaret
995 3674 1174 3734 (condemnat
1202 3675 1299 3724 codices
1329 3673 1376 3722 In-

295 3745 457 3794 stitutionum
472 3742 618 3803 deteriores)
638 3744 698 3792 Inst.
713 3748 738 3804 6,
760 3749 782 3806 6,
800 3747 842 3806 69,
861 3743 1040 3793 condemnari
1057 3742 1155 3792 debeat
1174 3741 1205 3802 iet
1221 3745 1249 3792 in
1262 3754 1375 3804 praece-

295 3813 413 3862 dentibus
425 3813 449 3862 66
458 3823 509 3874 pro
518 3811 591 3873 eum)
604 3811 665 3861 inst.
675 3817 699 3874 6,
716 3817 738 3875 6,
750 3815 796 3874 6ος
810 3811 875 3873 conf.
885 3812 927 3860 66.
934 3823 996 3874 pap.
1006 3815 1061 3875 666,
1073 3807 1368 3879 661166-6766666661

296 3883 396 3930 66-66
415 3882 497 3932 nerto
514 3880 637 3930 mandeti
648 3907 683 3915 —
694 3882 807 3930 uxoriae
824 3883 853 3930 in
873 3878 908 3929 0¹1
923 3892 973 3941 per
991 3892 1107 3929 errorem
1124 3881 1162 3929 bis
1180 3881 1278 3941 scripto
1296 3884 1356 3928 sent

297 3951 406 3999 66-66
436 3946 466 4016 ζ)
495 3950 612 4000 additum
642 3962 675 3998 ecc
706 3949 767 3998 lost.
801 3949 813 4012 ΙΙ
847 3952 878 3997 tr
909 3947 1002 3998 uerbis
1035 3947 1175 4010 Goereten,
1206 3947 1283 3997 uebis
1317 3946 1337 3998 C

297 4019 328 4066 66
353 4018 415 4068 ideo
433 4019 590 4082 Locnmonn,
609 4018 637 4068 id
657 4017 676 4067 G
695 4016 706 4080 ΙΙ
727 4020 759 4066 ts
777 4017 816 4080 ut]
834 4020 865 4067 ut
883 4020 974 4081 itaque
995 4016 1022 4080 C,
1040 4018 1181 4068 utstatim
1200 4016 1324 4078 66666666,
1343 4017 1376 4066 66

296 4088 435 4148 tamquam
457 4088 598 4136 Mommsen
619 4085 629 4148 i!
651 4089 682 4136 2³
706 4085 766 4136 dari
792 4085 933 4150 Goescnen,
965 4085 1030 4136 dare
1059 4083 1108 4149 ΟΙΙ
1129 4087 1284 4137 sestertium
1310 4084 1375 4134 Goe-

296 4155 365 4217 enen,
393 4155 441 4205 s·e
466 4153 490 4217 C,
518 4154 582 4214 conf.
604 4153 636 4204 0³
651 4167 711 4216 pop.
724 4155 776 4204 666
792 4156 858 4204 med.
