3084 4868
499 429 584 449 -⁴·-
627 413 708 465 mil
749 435 834 445 —-

19 621 20 668 1
82 595 218 649 suerunt.
245 589 290 648 Eo
302 590 400 669 magis
416 589 530 648 mirum
549 595 604 666 est,
623 587 710 668 quod
725 607 835 649 eorum
847 607 1015 650 aureorum
1025 589 1099 652 libri
1111 597 1257 672 quattuor

19 711 20 714 =
81 677 266 753 posteriores
282 673 376 754 plane
392 681 595 735 evanuerunt.
621 673 685 733 lam
701 692 772 734 oum
788 677 820 734 in
834 673 936 736 indice
953 683 1115 737 auctorum
1130 677 1184 737 illo
1200 677 1257 738 ad-

19 827 20 834 ,
82 762 135 820 sint
149 757 391 821 ‘institutionum
409 757 510 842 βιβλία
524 749 674 842 τέσσαρσί,
687 778 749 820 non
764 759 868 822 adsint
882 778 989 822 rerum
1004 762 1257 842 quotidianarum
1328 781 1330 790 ’

80 844 153 926 libri,
180 845 371 906 crediderim
384 845 510 906 labente
526 853 627 907 aetate
650 852 681 906 et
694 854 759 907 tres
781 847 893 908 barum
915 847 1014 908 libros
1038 857 1069 910 et
1090 851 1257 910 institutio-

81 949 149 991 num
183 938 334 1012 quattuor
366 930 563 992 circumlatos
595 949 665 992 esse
700 931 760 992 sub
787 931 876 993 titulo
906 936 1062 995 communi
1088 953 1256 996 aureorum

82 1024 210 1095 septem,
243 1017 412 1078 substituta
439 1019 469 1077 in
499 1017 546 1077 his
569 1019 743 1078 recensioni
763 1020 917 1098 genuinae
940 1018 1074 1082 editione
1096 1029 1256 1101 tamquam

81 1102 214 1164 secunda
245 1102 362 1164 seilicet
388 1100 682 1183 Augustodunensi,
713 1104 936 1165 Tribonianum
969 1114 1075 1168 autem
1103 1106 1256 1168 eiusmodi

82 1189 249 1268 exemplari
271 1207 366 1250 usum
387 1206 444 1268 pro
461 1197 518 1250 sua
536 1189 704 1268 prudentia
718 1196 782 1250 tres
798 1189 897 1252 libros
919 1192 1040 1269 priores
1062 1191 1254 1272 adhibuisse,

83 1283 226 1354 quattuor
247 1277 437 1354 posteriores
461 1293 537 1354 prae
558 1277 700 1355 genuinis
723 1283 808 1337 recte
831 1278 998 1356 sprevisse.

158 1361 225 1421 Hoc
248 1363 274 1422 si
296 1360 502 1439 probabiliter
523 1362 696 1440 posuimus,
720 1379 917 1442 consequens
941 1370 989 1424 est
1010 1362 1256 1424 Pseudo-Gelani

81 1448 176 1525 operis
201 1447 354 1528 originem
375 1465 437 1508 non
451 1446 661 1508 revocandam
677 1465 747 1508 esse
763 1447 803 1508 ad
818 1447 1000 1509 Aeduorum
1016 1452 1082 1510 sive
1097 1447 1256 1530 Augusto-

81 1531 265 1594 dunensium
289 1531 392 1594 studia
419 1531 562 1594 liberalia
588 1540 689 1594 aetate
716 1535 915 1613 imperatoria
943 1537 1059 1614 passim
1086 1535 1254 1613 celebrata,

81 1636 268 1699 quamquam
290 1617 368 1678 nihil
389 1618 531 1698 impedit,
557 1621 724 1698 quominus
747 1619 848 1681 codex
870 1619 1088 1701 Augustoduni
1110 1630 1254 1700 repertus

81 1706 210 1784 scriptus
241 1723 369 1784 quoque
400 1704 519 1766 ibidem
549 1707 641 1765 sitin
664 1723 759 1766 usum
781 1709 987 1768 antecessoris
1010 1706 1174 1769 cuiusdam
1197 1726 1255 1768 ve·

80 1796 175 1850 tustae
200 1792 269 1850 eius
292 1790 478 1852 academiae.
525 1790 619 1870 Origo
641 1793 816 1871 ignoratur3
843 1791 900 1854 sed
927 1801 1011 1854 recte
1043 1795 1255 1854 commentarii

81 1875 229 1937 eiusmodi
259 1879 347 1938 aurei
376 1878 566 1937 conveniunt
597 1877 730 1937 saeculis
758 1877 941 1939 collabentis
975 1881 1097 1958 imperii
1127 1881 1255 1940 Romani

19 2023 21 2042 ᾖ
80 1965 176 2023 aureis
201 1969 233 2023 et
254 1963 330 2042 ipsis
353 1961 518 2041 appellatis
542 1962 628 2042 apud
656 1963 815 2042 aequales,
844 1964 929 2043 apud
951 1972 1093 2044 posteros
1115 1967 1184 2026 iure
1207 1967 1255 2026 in-

80 2047 204 2109 famatis.
