3094 4860
320 371 342 420 11
360 371 518 432 stra-rar
707 398 792 412 ....
836 365 877 430 68
920 399 1006 412 ..-

249 561 402 620 44644444
436 566 468 619 44
500 556 541 618 de
573 555 707 617 testibus
742 562 773 616 et
800 553 841 616 de
866 556 1162 635 nuncupationibus.
1213 553 1297 640 (sed)
1326 565 1398 618 ante

320 648 422 707 omnia
444 641 672 724 requirendum
695 647 750 720 est,
774 659 813 701 ao
836 643 985 702 institutio
1006 642 1132 704 heredis
1149 642 1295 704 sollemni
1310 661 1398 704 more

319 733 400 793 facta
432 733 484 805 sit;
514 747 586 790 nam
613 727 703 789 aliter
729 728 809 788 lacta
838 729 1030 790 institutione
1059 727 1136 790 nihil
1163 729 1287 810 proficit
1309 729 1400 790 fami-

318 816 392 878 liam
414 817 570 878 testatoris
593 817 635 874 ita
660 816 767 876 uenire
790 821 950 894 testesque
973 816 1015 874 ita
1037 815 1189 876 adhibere
1209 823 1237 876 ct
1258 817 1303 876 ito
1318 834 1401 876 nuo-

248 902 435 982 ll'icupare
461 908 696 979 testamentum,
725 907 762 961 ut
790 918 885 980 supra
916 900 1062 961 diximus.
1108 900 1269 962 sollemnis
1292 909 1428 963 autema

319 991 469 1050 institutio
499 988 579 1048 haec
608 994 656 1048 est
677 1005 773 1048 444444
801 1003 998 1062 erumnam,
1029 986 1086 1048 sed
1109 996 1142 1049 et
1163 987 1218 1048 illo
1239 990 1302 1048 iam
1325 1007 1401 1048 con-

317 1075 451 1155 probata
473 1073 600 1135 uidetur
622 1092 723 1133 444444
745 1091 880 1134 urrunnu
902 1091 967 1133 assa
989 1068 998 1156 44
1020 1090 1120 1150 ware,
1144 1081 1175 1133 at
1196 1072 1250 1134 illa
1271 1092 1335 1134 non
1352 1081 1477 1150 estpag.
1492 1089 1521 1136 aa

321 1161 512 1240 conprobata
534 1178 635 1220 4444444
659 1178 794 1220 urrunnu
816 1177 882 1220 nssn
904 1175 994 1235 vot03
1019 1158 1077 1220 sed
1100 1165 1131 1220 et
1153 1157 1224 1220 illae
1245 1178 1264 1219 a
1285 1159 1402 1240 pleris-

320 1267 382 1328 que
416 1245 600 1326 inprobatus
629 1254 701 1307 suot
727 1265 828 1306 4444444
855 1264 989 1306 urrunnu
1016 1261 1170 1324 rrsrrrro,
1204 1247 1278 1307 item
1308 1265 1401 1306 44444-

318 1353 378 1394 nnu
401 1351 495 1394 sacro.
1413 1347 1446 1391 44

248 1418 309 1478 448
405 1417 651 1480 Obseruandum
673 1425 837 1497 praeterea
858 1425 915 1498 est,
931 1425 967 1478 ut
984 1419 1009 1478 si
1026 1415 1139 1478 mulier
1154 1434 1235 1498 quae
1251 1418 1283 1477 in
1298 1417 1401 1478 tutela

319 1513 368 1566 est
389 1505 481 1566 saciat
501 1511 737 1584 testamentum,
765 1509 865 1564 tutore
888 1511 1011 1564 auctore
1033 1503 1137 1564 facere
1161 1501 1293 1579 debeat;
1323 1503 1401 1564 alio-

248 1590 397 1673 ll9quin
434 1589 585 1651 inutiliter
617 1592 686 1650 inre
720 1590 804 1650 ciuili
836 1590 1014 1652 testabitur.
1074 1591 1200 1650 Praetor
1231 1596 1339 1650 tamen
1373 1592 1401 1650 si

319 1686 441 1757 septem
474 1677 570 1758 signis
597 1679 724 1736 testium
752 1678 908 1756 signatum
935 1677 975 1736 sit
1000 1682 1238 1754 testamentum,
1274 1677 1400 1755 scriptis

317 1763 491 1826 heredibus
515 1761 691 1823 secundum
711 1760 837 1824 tabulas
859 1763 1037 1823 testamenti
1051 1761 1201 1823 booorom
1218 1755 1448 1843 <possessio-45

317 1847 403 1932 acm>
426 1849 608 1929 pollicetur:
629 1844 688 1929 <44>
713 1849 739 1909 si
761 1867 853 1908 nemo
873 1851 922 1928 sit,
945 1847 986 1908 ad
1002 1867 1097 1928 quem
1113 1847 1153 1909 ab
1169 1849 1314 1908 intestato
1330 1849 1401 1910 iure

317 1935 455 2015 legitimo
478 1936 633 2014 pertineat
655 1932 823 2012 hereditas,
848 1934 937 1996 uelut
958 1933 1055 1994 irater
1074 1933 1187 1995 eodem
1201 1939 1291 2012 patre
1307 1941 1402 1997 natus

318 2029 371 2081 aut
397 2029 530 2100 patruus
560 2027 614 2080 aut
642 2019 747 2082 fratris
776 2020 872 2100 lilius,
900 2023 942 2080 ita
963 2027 1111 2099 poterunt
1132 2021 1239 2098 scripti
1261 2019 1401 2082 heredes

318 2109 454 2168 retinere
488 2105 705 2168 hereditatem.
756 2125 828 2167 nam
861 2105 946 2168 idem
974 2108 1051 2167 iuris
1079 2113 1127 2167 est
1154 2113 1185 2166 et
1211 2107 1237 2166 si
1269 2105 1331 2166 alia
1360 2127 1401 2168 ex

318 2211 414 2253 44444
446 2200 669 2254 testamentum
701 2211 764 2253 non
797 2191 916 2267 ualeat,
953 2191 1042 2254 uelut
1075 2190 1161 2272 quod
1190 2191 1308 2252 familia
1335 2208 1446 2254 nonae

318 2281 454 2340 uenierit
482 2287 537 2339 aut
562 2278 804 2359 nuncupationis
830 2279 932 2340 uerba
959 2285 1087 2339 testator
1112 2277 1236 2338 locutus
1262 2297 1326 2338 non
1350 2281 1398 2340 sit.

247 2363 307 2426 420
318 2364 381 2428 Sed
404 2364 579 2444 uideamus
604 2383 643 2426 an
660 2365 779 2427 etiamsi
794 2365 891 2426 frater
906 2371 960 2425 aut
973 2370 1105 2443 patruus
1121 2371 1236 2443 extent,
1260 2366 1400 2443 potiores

319 2453 442 2532 scriptis
474 2450 647 2513 heredibus
680 2451 865 2513 habeantur.
914 2452 1065 2530 rescripto
1093 2452 1176 2511 enim
1201 2452 1401 2530 imperatoris

319 2537 465 2598 Antonini
488 2538 681 2618 significatur
704 2556 768 2617 eos,
799 2539 853 2618 qui
876 2535 1051 2598 secundum
1072 2535 1197 2597 tabulas
1220 2541 1402 2599 testamenti

318 2643 381 2684 non
403 2626 472 2685 iure
496 2623 591 2684 factas
615 2623 770 2685 bonorum
792 2625 1025 2703 possessionem
1046 2623 1200 2702 petierint,
1224 2641 1320 2701 posse
1343 2623 1447 2685 ad-aa

319 2728 433 2771 uersus
462 2727 515 2771 eos
543 2712 598 2790 qui
624 2709 664 2770 ab
691 2711 835 2770 intestato
857 2709 1019 2770 uindicant
1039 2707 1259 2788 hereditatem,
1288 2707 1401 2770 defen-

249 2792 303 2853 424
321 2795 396 2856 (4444
419 2813 535 2874 seper
558 2796 773 2875 exceptionem
797 2794 860 2856 doli
884 2795 966 2855 mali.
1006 2795 1097 2867 Quod
1121 2812 1196 2855 sane
1212 2793 1343 2874 quidem
1359 2795 1400 2856 ad

319 2978 474 2996 ιΛΛΛΛΛΛΛΛΛ

388 3085 466 3146 §tto
485 3084 575 3148 sopra]
593 3085 624 3146 ἕξ
639 3087 686 3135 444
705 3097 779 3149 seqq.

390 3362 399 3406 4
434 3358 702 3424 nunccupationibus
734 3361 765 3425 G,
796 3363 998 3425 nuncupatione
1027 3359 1144 3410 Huschke
1173 3359 1359 3423 (probabiliter)
1387 3359 1398 3427 ΙΙ

319 3427 369 3479 sed
388 3427 631 3494 addiditltoeclcioq,
650 3441 698 3479 om.
720 3429 741 3480 G
764 3426 774 3494 ll
800 3433 815 3478 4
833 3433 875 3480 est
892 3443 926 3480 an
947 3430 1084 3494 Goeacteo,
1102 3426 1181 3480 eam?
1202 3428 1223 3479 0
1245 3425 1256 3496 ΙΙ
1282 3431 1296 3478 4
1315 3429 1398 3479 etita

319 3495 458 3560 34444449,
488 3501 535 3546 aut
567 3497 587 3548 c
613 3495 624 3563 ΙΙ
653 3500 718 3547 4-6
742 3498 910 3562 nuncupare]
931 3511 1036 3564 nupera
1060 3497 1091 3562 G,
1118 3498 1185 3561 coos.
1215 3497 1248 3549 ce
1268 3510 1328 3561 paq.
1345 3501 1397 3551 482

317 3578 389 3616 uera.
410 3569 424 3615 8
449 3565 459 3628 ΙΙ
483 3569 497 3615 6
516 3579 595 3616 444444
616 3566 758 3632 Goeacheo,
776 3568 841 3618 titus
861 3566 881 3618 0
903 3563 914 3635 ΙΙ
935 3567 981 3618 4444
1001 3567 1138 3632 Goescteo,
1157 3567 1231 3617 illam
1251 3565 1271 3616 C
1290 3563 1300 3631 ΙΙ
1322 3570 1337 3616 4
1355 3567 1398 3616 in·

318 3633 448 3699 probatae
478 3637 543 3686 sunt
572 3635 713 3701 Goescheo,
745 3635 930 3700 inprobataest
957 3635 987 3700 O,
1016 3637 1085 3686 uode
1114 3637 1192 3686 etiam
1219 3639 1257 3686 444
1285 3635 1399 3686 scribere

315 3705 412 3764 possis:
431 3703 478 3753 sed
499 3707 524 3754 et
543 3704 590 3754 illa
608 3719 622 3754 a
641 3705 782 3770 plerisque
799 3704 941 3771 inprobata
959 3706 1001 3756 est
1018 3707 1068 3755 444.
1094 3701 1105 3771 ΙΙ
1131 3717 1244 3754 44444444
1258 3703 1397 3767 Goeacheo,

319 3773 452 3822 institutio
474 3772 493 3824 G
517 3769 528 3837 ΙΙ
555 3777 587 3822 44
606 3775 695 3824 tutore
713 3777 824 3824 auctore
842 3775 969 3839 Hollwep,
987 3775 1091 3824 tutores
1110 3773 1192 3824 habet
1212 3772 1232 3823 G
1250 3774 1286 3835 (io
1303 3773 1399 3824 orche-

319 3845 379 3904 typo
407 3840 488 3903 444444
517 3843 568 3891 tut·
599 3847 671 3892 auct·
701 3845 745 3893 uel
771 3856 820 3905 per
846 3856 961 3894 errorem
988 3845 1039 3892 tut·
1069 3845 1140 3893 auet·
1170 3839 1182 3908 ΙΙ
1210 3845 1242 3892 lt
1261 3841 1396 3891 bonorum

318 3914 519 3972 possessionem
541 3909 676 3977 Goescteo,
696 3909 766 3962 bus?
791 3909 840 3980 ΟΙΙ
861 3915 893 3962 46
915 3914 941 3961 44
958 3912 1056 3962 eddidit
1076 3911 1205 3962 64444444
1226 3908 1236 3976 ΙΙ
1257 3913 1288 3960 44
1312 3921 1398 3961 causa

321 3977 461 4045 Geeacbeo,
496 3981 733 4032 senatusconsulto
766 3980 801 4032 0¹³
834 3978 844 4046 14
877 3984 977 4030 44-46
1008 3985 1137 4044 aspectos:
1173 3979 1222 4031 sed
1252 3979 1398 4030 uideamus

319 4059 353 4095 an
371 4043 455 4113 (uon),
477 4050 601 4099 etiamsi
624 4048 707 4101 irater
728 4053 774 4100 aut
796 4054 909 4115 patruus
931 4053 1035 4112 extant,
1058 4051 1178 4114 potiores
1200 4048 1294 4112 scripti
1315 4047 1399 4100 here·

319 4114 367 4164 des
391 4115 542 4166 habeantur
564 4119 690 4179 (similiter
707 4118 847 4183 Huschke),
874 4119 940 4182 conf.
958 4119 1050 4180 6449ι
1077 4114 1088 4184 ΙΙ
1116 4121 1148 4168 tt
1168 4115 1316 4169 resscribto
1339 4114 1360 4166 G
1388 4119 1399 4188 4

319 4184 351 4232 46
370 4184 512 4235 uindicant
529 4199 563 4236 ec
580 4187 705 4237 uindicat
721 4187 819 4250 fuctum
840 4187 865 4238 C.
